2796 4207
856 215 1002 266 ΜΒ.
1052 213 1098 265 1.
1145 213 1317 266 cAP.
1358 213 1772 266 va-xmx.
2282 195 2364 263 73

254 399 393 438 cum
414 379 679 456 periculo
702 377 779 436 ad
803 395 937 436 eum
967 377 1275 436 missurum
1303 386 1365 435 et
1392 376 1724 435 hominibus
1747 376 1880 435 seris
1907 376 2273 436 obiecturum

252 473 639 532 existimabat.
726 470 1289 568 Commodissimpm
1338 471 1522 528 visum
1583 479 1670 529 est
1718 469 1935 530 Gaium
1979 470 2274 529 Valerium

251 563 588 636 Procillum,
619 563 690 622 C.
718 562 912 620 Valeri
940 561 1158 621 Caburi
1185 561 1384 633 filium,
1417 579 1646 619 summa
1671 562 1880 620 virtute
1916 572 1976 619 et
2009 560 2272 620 humani·

250 665 371 714 tate
402 654 867 726 adulescentem,
898 653 1063 710 cuius
1096 661 1262 728 pater
1287 669 1323 710 a
1351 653 1504 711 Gaio
1531 653 1765 711 Valerio
1797 653 2013 712 Flacco
2040 653 2274 711 civitate

249 746 510 804 donatus
561 755 699 817 erat,
744 753 803 802 et
842 753 1083 818 propter
1126 742 1307 801 fidem
1349 752 1411 801 et
1452 753 1692 819 propter
1742 743 1971 819 linguae
2015 743 2271 803 Gallicae
2301 758 2327 810 5

250 837 576 908 scientiam,
617 854 733 911 qua
768 835 949 893 multa
983 834 1097 892 iam
1126 835 1444 892 Ariovistus
1488 833 1804 910 longinqua
1847 833 2272 893 consuetudine

248 915 541 999 utebatur,
572 936 630 985 et
658 926 822 1001 quod
851 926 911 983 in
936 916 1013 983 'eo
1043 923 1334 1001 peccandi
1364 925 1675 983 Germanis
1719 943 1894 984 causa
1936 943 2055 983 non
2099 935 2269 996 esset,

248 1018 327 1078 ad
370 1037 510 1076 eum
554 1019 800 1089 mittere,
836 1025 896 1075 et
935 1017 1203 1074 Marcum
1250 1016 1518 1088 Metium,
1563 1017 1663 1091 qui
1706 1016 1960 1092 hospitio
2002 1017 2270 1075 Ariovisti

246 1110 535 1168 utebatur.
623 1109 737 1167 His
794 1106 1109 1180 mandavit,
1153 1116 1232 1178 ut,
1276 1125 1428 1182 quae
1484 1107 1705 1166 diceret
1759 1107 2095 1178 Ariovistus,
2137 1125 2271 1182 cog-

243 1209 564 1259 noscerent
594 1210 653 1258 et
682 1198 759 1257 ad
794 1217 856 1257 se
896 1198 1187 1256 referrent.
1275 1198 1443 1271 Quos
1487 1217 1623 1256 cum
1664 1199 1823 1275 apud
1865 1217 1928 1257 se
1973 1199 2029 1255 in
2071 1209 2270 1276 castris
2304 1223 2360 1258 10

241 1292 572 1350 Ariovistus
603 1289 1024 1365 conspexisset,
1058 1289 1315 1347 exercitu
1354 1307 1462 1346 suo
1496 1300 1802 1365 praesente
1845 1289 2266 1348 conclamavit:

246 1381 411 1457 Quid
440 1381 519 1440 ad
548 1399 610 1440 se
641 1381 945 1439 venirent?
983 1398 1060 1437 an
1091 1379 1434 1456 speculandi
1465 1383 1681 1440 causa?
1763 1382 2044 1440 Conantis
2074 1380 2270 1438 dicere

244 1473 550 1549 prohibuit
578 1482 637 1530 et
664 1473 723 1530 in
756 1481 993 1530 catenas
1023 1471 1293 1530 coniecit.

326 1562 612 1621 XLVIII.
662 1562 893 1621 Eodem
938 1561 1034 1619 die
1079 1572 1265 1620 castra
1306 1562 1598 1637 promovit
1637 1572 1696 1620 et
1722 1561 1952 1620 milibus
1994 1579 2270 1637 passuum

246 1670 352 1712 sex
394 1672 429 1710 a
473 1653 738 1712 Caesaris
786 1654 983 1711 castris
1034 1653 1141 1711 sub
1188 1663 1389 1712 monte
1443 1653 1726 1712 consedit,
1817 1651 2100 1711 Postridie
2147 1653 2269 1711 eius
2301 1678 2358 1730 ¹⁵

246 1743 366 1802 diei
407 1753 645 1820 praeter
684 1753 870 1802 castra
912 1744 1177 1802 Caesaris
1220 1762 1353 1802 suas
1396 1744 1600 1819 copias
1648 1742 1900 1802 traduxit
1941 1753 1999 1802 et
2041 1743 2269 1802 milibus

242 1853 525 1910 passuum
572 1833 803 1893 duobus
839 1835 985 1894 ultra
1022 1853 1158 1894 eum
1199 1843 1387 1893 castra
1427 1835 1564 1892 fecit
1603 1852 1678 1894 eo
1721 1834 1984 1906 consili0,
2029 1835 2110 1892 uti
2155 1835 2266 1893 fru-

241 1937 445 1986 mento
490 1936 969 2002 commeatuque,
1015 1927 1115 2001 qui
1158 1944 1231 1984 ex
1274 1926 1556 2001 Sequanis
1599 1934 1659 1984 et
1699 1925 1920 1984 Aeduis
1965 1935 2264 2001 supporta-

240 2027 415 2091 retur,
464 2017 785 2078 Caesarem
842 2015 1268 2076 intercluderet.
1354 2019 1446 2074 Ex
1495 2035 1568 2075 eo
1626 2016 1722 2075 die
1779 2016 1904 2076 dies
1960 2018 2268 2075 continuos

240 2111 507 2188 quinque
543 2111 761 2170 Caesar
786 2127 893 2187 pro
933 2110 1129 2168 castris
1167 2128 1297 2167 suas
1337 2108 1540 2184 copias
1582 2108 1857 2184 produxit
1885 2119 1944 2167 et
1971 2109 2158 2191 aciem
2189 2097 2268 2165 in'-
2298 2128 2358 2162 20

239 2212 522 2261 structam
570 2201 789 2273 habuit,
834 2211 915 2274 ut,
959 2200 1004 2259 si
1049 2199 1219 2258 vellet
1261 2200 1578 2258 Ariovistus
1618 2200 1843 2275 proelio
1887 2198 2265 2270 contendere,

239 2294 295 2352 ei
350 2302 622 2369 potestas
678 2310 801 2351 non
858 2291 1107 2350 deesset.
1212 2290 1531 2353 Ariovistus
1591 2289 1678 2348 his
1734 2290 2004 2348 omnibus
2061 2289 2266 2348 diebus

239 2386 571 2443 exercitum
601 2383 799 2441 castris
828 2382 1134 2453 continuit,
1160 2382 1413 2456 equestri
1441 2380 1664 2456 proelio
1694 2379 1911 2440 cotidie
1942 2380 2264 2439 contendit.

242 2476 447 2535 Genus
477 2476 603 2533 hoc
631 2483 753 2533 erat
778 2491 1031 2550 pugnae,
1055 2490 1175 2549 quo
1204 2490 1267 2531 se
1298 2472 1579 2532 Germani
1610 2482 2004 2542 exercuerant.
2093 2472 2267 2547 Equi-

240 2576 365 2625 tum
409 2566 576 2625 milia
615 2573 779 2623 erant
821 2582 940 2637 sex,
983 2562 1232 2623 totidem
1274 2580 1521 2621 numero
1564 2560 1795 2638 pedites
1821 2562 2167 2620 velocissimi
2196 2581 2264 2619 ac
2295 2590 2321 2624 2
2327 2588 2355 2641 5

244 2656 561 2726 fortissimi,
605 2673 755 2731 quos
798 2672 872 2713 ex
915 2654 1078 2713 omni
1124 2654 1297 2729 copia
1333 2653 1542 2727 singuli
1589 2652 1844 2728 singulos
1888 2670 2026 2711 suae
2072 2654 2266 2711 salutis

243 2766 420 2806 causa
462 2746 843 2821 delegerant:
890 2764 1027 2803 cum
1070 2744 1158 2803 his
1192 2745 1252 2803 in
1287 2744 1521 2819 proeliis
1560 2762 1658 2802 ver
1724 2744 1949 2803 bantur.
2033 2742 2128 2801 Ad
2164 2762 2266 2803 eos

244 2855 308 2895 se
338 2838 573 2913 equites
611 2837 973 2912 recipiebant
998 2859 1008 2894 :
1056 2835 1133 2908 hi,
1163 2836 1211 2894 si
1240 2834 1383 2911 quid
1415 2844 1536 2893 erat
1574 2762 1790 3005 ἀυξις,
1821 2837 2262 2911 concurrebant,

246 2928 291 2985 si
322 2928 424 3004 qui
462 2928 725 3005 graviore
762 2927 996 2985 vulnere
1038 2936 1287 3001 accepto
1331 2943 1488 3000 equo
1531 2924 1664 2984 deci
1711 2919 1849 2996 erat,
1881 2925 2263 2984 circumsiste-

245 3019 386 3077 bant
406 3040 424 3091 3
484 3019 534 3077 si
576 3036 696 3094 quo
740 3027 861 3076 erat
902 3016 1128 3092 longius
1170 3014 1586 3092 prodeundum
1631 3024 1732 3074 aut
1773 3014 2015 3074 celerius
2057 3016 2263 3093 recipi·
2294 3037 2354 3088 30

246 3109 492 3181 endum,
543 3118 705 3167 tanta
760 3117 883 3167 erat
937 3108 1146 3166 horum
1200 3107 1613 3166 exercitatione
1671 3107 1951 3177 celeritas,
1998 3116 2061 3165 ut
2117 3106 2264 3166 iubis

246 3217 537 3274 equorum
567 3200 847 3259 sublevati
876 3218 1107 3259 cursum
1137 3197 1546 3275 adaequarent.

504 3385 552 3438 C
546 3401 715 3440 aesar
718 3386 974 3456 fortffies
997 3382 1237 3439 another
1257 3388 1422 3454 camp
1446 3383 1661 3455 beyond
1675 3382 2027 3437 Ariovistus.

332 3508 548 3567 XLIX.
590 3509 711 3569 Ubi
745 3527 877 3567 eum
914 3509 1113 3567 castris
1142 3526 1206 3567 se
1234 3518 1432 3567 tenere
1462 3508 1680 3567 Caesar
1706 3507 2002 3579 intellexit,
2031 3524 2107 3565 ne
2137 3505 2262 3565 diu-

255 3599 367 3656 tius
408 3612 743 3660 commeatu
786 3601 1205 3678 prohiberetur,
1246 3601 1391 3658 ultra
1433 3619 1569 3658 eum
1610 3602 1825 3671 locum,
1871 3618 1990 3675 quo
2029 3599 2086 3657 in
2129 3598 2263 3657 loco

258 3690 539 3749 Germani
565 3692 969 3767 consederant,
1000 3693 1227 3751 circiter
1254 3710 1457 3767 passus
1495 3701 1802 3751 sexcentos
1830 3692 1905 3751 ab
1933 3692 2032 3762 eis,
2064 3691 2264 3749 castris
2293 3710 2352 3761 35

257 3780 541 3841 idoneum
594 3784 787 3843 locum
845 3784 1060 3860 delegit
1114 3784 1358 3858 acieque
1414 3783 1620 3859 triplici
1677 3784 1953 3841 instructa
2000 3782 2074 3840 ad
2127 3800 2262 3840 eum
