<?xml version="1.0" encoding="UTF-8"?>
<!DOCTYPE html PUBLIC "-//W3C//DTD XHTML 1.0 Transitional//EN"
    "http://www.w3.org/TR/xhtml1/DTD/xhtml1-transitional.dtd">
<html xmlns="http://www.w3.org/1999/xhtml" xml:lang="en" lang="en">
 <head>
  <title>
</title>
<meta http-equiv="Content-Type" content="text/html;charset=utf-8" />
  <meta name='ocr-system' content='tesseract 3.04.00' />
  <meta name='ocr-capabilities' content='ocr_page ocr_carea ocr_par ocr_line ocrx_word'/>
</head>
<body>
  <div class='ocr_page' id='page_1' title='image "./ciulicaesarisde00kelsgoog_0096.png"; bbox 0 0 2796 4207; ppageno 0'>
   <div class='ocr_carea' id='block_1_1' title="bbox 486 222 1941 290">
    <p class='ocr_par' dir='ltr' id='par_1_1' title="bbox 486 222 1941 290">
     <span class='ocr_line' id='line_1_1' title="bbox 486 222 1941 290; baseline 0.003 -5"><span class='ocrx_word' id='word_1_1' title='bbox 486 222 570 285; x_wconf 85' lang='grc'>60</span> <span class='ocrx_word' id='word_1_2' title='bbox 1125 238 1233 289; x_wconf 87' lang='lat' dir='ltr'>DE</span> <span class='ocrx_word' id='word_1_3' title='bbox 1287 236 1541 290; x_wconf 86' lang='lat' dir='ltr'>BELLO</span> <span class='ocrx_word' id='word_1_4' title='bbox 1595 236 1941 290; x_wconf 87' lang='lat' dir='ltr'>GALLICO</span> 
     </span>
    </p>
   </div>
   <div class='ocr_carea' id='block_1_2' title="bbox 479 396 2581 2205">
    <p class='ocr_par' dir='ltr' id='par_1_2' title="bbox 517 396 2581 747">
     <span class='ocr_line' id='line_1_2' title="bbox 517 396 2581 475; baseline 0.001 -19"><span class='ocrx_word' id='word_1_5' title='bbox 517 406 522 411; x_wconf 86' lang='grc'><em>“</em></span> <span class='ocrx_word' id='word_1_6' title='bbox 575 397 996 474; x_wconf 89' lang='lat' dir='ltr'>impedimenta</span> <span class='ocrx_word' id='word_1_7' title='bbox 1038 408 1360 474; x_wconf 89' lang='lat' dir='ltr'>pugnatum</span> <span class='ocrx_word' id='word_1_8' title='bbox 1389 408 1497 467; x_wconf 90' lang='lat' dir='ltr'>est,</span> <span class='ocrx_word' id='word_1_9' title='bbox 1527 408 1839 472; x_wconf 89' lang='lat' dir='ltr'>propterea</span> <span class='ocrx_word' id='word_1_10' title='bbox 1864 396 2028 472; x_wconf 92' lang='lat' dir='ltr'>quod</span> <span class='ocrx_word' id='word_1_11' title='bbox 2070 415 2178 475; x_wconf 89' lang='lat' dir='ltr'>pro</span> <span class='ocrx_word' id='word_1_12' title='bbox 2204 399 2353 458; x_wconf 86' lang='lat' dir='ltr'>vallo</span> <span class='ocrx_word' id='word_1_13' title='bbox 2384 418 2581 459; x_wconf 88' lang='lat' dir='ltr'>carros</span> 
     </span>
     <span class='ocr_line' id='line_1_3' title="bbox 574 487 2577 563; baseline 0.002 -18"><span class='ocrx_word' id='word_1_14' title='bbox 574 487 910 546; x_wconf 90' lang='lat' dir='ltr'>obiecerant</span> <span class='ocrx_word' id='word_1_15' title='bbox 941 497 1000 546; x_wconf 92' lang='lat' dir='ltr'>et</span> <span class='ocrx_word' id='word_1_16' title='bbox 1028 506 1060 545; x_wconf 97' lang='lat' dir='ltr'>e</span> <span class='ocrx_word' id='word_1_17' title='bbox 1091 488 1224 545; x_wconf 91' lang='lat' dir='ltr'>loeo</span> <span class='ocrx_word' id='word_1_18' title='bbox 1255 489 1550 563; x_wconf 87' lang='lat' dir='ltr'>superiore</span> <span class='ocrx_word' id='word_1_19' title='bbox 1582 488 1641 545; x_wconf 92' lang='lat' dir='ltr'>in</span> <span class='ocrx_word' id='word_1_20' title='bbox 1671 498 1899 546; x_wconf 87' lang='lat' dir='ltr'>nostros</span> <span class='ocrx_word' id='word_1_21' title='bbox 1927 488 2226 547; x_wconf 90' lang='lat' dir='ltr'>venientes</span> <span class='ocrx_word' id='word_1_22' title='bbox 2254 490 2371 548; x_wconf 85' lang='lat' dir='ltr'>tela</span> <span class='ocrx_word' id='word_1_23' title='bbox 2410 492 2577 549; x_wconf 88' lang='lat' dir='ltr'>coni·</span> 
     </span>
     <span class='ocr_line' id='line_1_4' title="bbox 573 578 2581 656; baseline 0.001 -20"><span class='ocrx_word' id='word_1_24' title='bbox 573 580 825 651; x_wconf 89' lang='lat' dir='ltr'>ciebant,</span> <span class='ocrx_word' id='word_1_25' title='bbox 859 590 918 637; x_wconf 90' lang='lat' dir='ltr'>et</span> <span class='ocrx_word' id='word_1_26' title='bbox 959 578 1224 636; x_wconf 88' lang='lat' dir='ltr'>nonnulli</span> <span class='ocrx_word' id='word_1_27' title='bbox 1252 578 1403 636; x_wconf 90' lang='lat' dir='ltr'>inter</span> <span class='ocrx_word' id='word_1_28' title='bbox 1432 596 1623 635; x_wconf 87' lang='lat' dir='ltr'>carros</span> <span class='ocrx_word' id='word_1_29' title='bbox 1651 589 1924 653; x_wconf 88' lang='lat' dir='ltr'>rotasque</span> <span class='ocrx_word' id='word_1_30' title='bbox 1954 589 2202 637; x_wconf 88' lang='lat' dir='ltr'>mataras</span> <span class='ocrx_word' id='word_1_31' title='bbox 2231 598 2300 638; x_wconf 93' lang='lat' dir='ltr'>ac</span> <span class='ocrx_word' id='word_1_32' title='bbox 2328 582 2581 656; x_wconf 80' lang='lat' dir='ltr'>tragulas</span> 
     </span>
     <span class='ocr_line' id='line_1_5' title="bbox 571 669 2577 747; baseline 0.001 -19"><span class='ocrx_word' id='word_1_33' title='bbox 571 670 936 728; x_wconf 85' lang='lat' dir='ltr'>subiciebant</span> <span class='ocrx_word' id='word_1_34' title='bbox 975 680 1321 744; x_wconf 85' lang='lat' dir='ltr'>nostrosque</span> <span class='ocrx_word' id='word_1_35' title='bbox 1363 669 1757 727; x_wconf 88' lang='lat' dir='ltr'>vulnerabant.</span> <span class='ocrx_word' id='word_1_36' title='bbox 1844 670 1961 727; x_wconf 90' lang='lat' dir='ltr'>Diu</span> <span class='ocrx_word' id='word_1_37' title='bbox 1992 689 2125 728; x_wconf 91' lang='lat' dir='ltr'>cum</span> <span class='ocrx_word' id='word_1_38' title='bbox 2166 680 2319 730; x_wconf 89' lang='lat' dir='ltr'>esset</span> <span class='ocrx_word' id='word_1_39' title='bbox 2352 690 2577 747; x_wconf 88' lang='lat' dir='ltr'>pugna-</span> 
     </span>
    </p>

    <p class='ocr_par' dir='ltr' id='par_1_3' title="bbox 516 759 2581 1199">
     <span class='ocr_line' id='line_1_6' title="bbox 516 759 2577 838; baseline 0.001 -19"><span class='ocrx_word' id='word_1_40' title='bbox 516 778 543 830; x_wconf 84' lang='grc'>5</span> <span class='ocrx_word' id='word_1_41' title='bbox 569 772 714 831; x_wconf 87' lang='lat' dir='ltr'>tum,</span> <span class='ocrx_word' id='word_1_42' title='bbox 744 759 1181 835; x_wconf 87' lang='lat' dir='ltr'>impedimentis</span> <span class='ocrx_word' id='word_1_43' title='bbox 1209 760 1526 834; x_wconf 88' lang='lat' dir='ltr'>castrisque</span> <span class='ocrx_word' id='word_1_44' title='bbox 1556 761 1738 818; x_wconf 90' lang='lat' dir='ltr'>nostri</span> <span class='ocrx_word' id='word_1_45' title='bbox 1764 761 1933 835; x_wconf 90' lang='lat' dir='ltr'>potiti</span> <span class='ocrx_word' id='word_1_46' title='bbox 1965 772 2116 820; x_wconf 88' lang='lat' dir='ltr'>sunt.</span> <span class='ocrx_word' id='word_1_47' title='bbox 2202 762 2295 820; x_wconf 93' lang='lat' dir='ltr'>Ibi</span> <span class='ocrx_word' id='word_1_48' title='bbox 2324 762 2577 838; x_wconf 87' lang='lat' dir='ltr'>Orgeto-</span> 
     </span>
     <span class='ocr_line' id='line_1_7' title="bbox 569 850 2581 927; baseline 0 -18"><span class='ocrx_word' id='word_1_49' title='bbox 569 852 702 927; x_wconf 87' lang='lat' dir='ltr'>rigis</span> <span class='ocrx_word' id='word_1_50' title='bbox 731 850 847 909; x_wconf 85' lang='lat' dir='ltr'>filia</span> <span class='ocrx_word' id='word_1_51' title='bbox 873 860 1048 926; x_wconf 89' lang='lat' dir='ltr'>atque</span> <span class='ocrx_word' id='word_1_52' title='bbox 1079 869 1228 909; x_wconf 88' lang='lat' dir='ltr'>unus</span> <span class='ocrx_word' id='word_1_53' title='bbox 1255 868 1288 909; x_wconf 89' lang='lat' dir='ltr'>e</span> <span class='ocrx_word' id='word_1_54' title='bbox 1311 850 1440 908; x_wconf 87' lang='lat' dir='ltr'>filiis</span> <span class='ocrx_word' id='word_1_55' title='bbox 1462 861 1667 925; x_wconf 89' lang='lat' dir='ltr'>captus</span> <span class='ocrx_word' id='word_1_56' title='bbox 1697 862 1802 909; x_wconf 88' lang='lat' dir='ltr'>est.</span> <span class='ocrx_word' id='word_1_57' title='bbox 1875 852 1966 909; x_wconf 89' lang='lat' dir='ltr'>Ex</span> <span class='ocrx_word' id='word_1_58' title='bbox 1994 869 2067 909; x_wconf 88' lang='lat' dir='ltr'>eo</span> <span class='ocrx_word' id='word_1_59' title='bbox 2096 852 2319 927; x_wconf 91' lang='lat' dir='ltr'>proelio</span> <span class='ocrx_word' id='word_1_60' title='bbox 2349 853 2581 911; x_wconf 88' lang='lat' dir='ltr'>circiter</span> 
     </span>
     <span class='ocr_line' id='line_1_8' title="bbox 569 942 2578 1018; baseline 0 -18"><span class='ocrx_word' id='word_1_61' title='bbox 569 942 874 1001; x_wconf 90' lang='lat' dir='ltr'>hominum</span> <span class='ocrx_word' id='word_1_62' title='bbox 917 942 1075 1000; x_wconf 89' lang='lat' dir='ltr'>milia</span> <span class='ocrx_word' id='word_1_63' title='bbox 1115 959 1280 1001; x_wconf 87' lang='lat' dir='ltr'>cxxx</span> <span class='ocrx_word' id='word_1_64' title='bbox 1321 943 1729 1018; x_wconf 87' lang='lat' dir='ltr'>superfuerunt</span> <span class='ocrx_word' id='word_1_65' title='bbox 1772 960 1961 1016; x_wconf 88' lang='lat' dir='ltr'>eaque</span> <span class='ocrx_word' id='word_1_66' title='bbox 2004 952 2127 1003; x_wconf 88' lang='lat' dir='ltr'>tota</span> <span class='ocrx_word' id='word_1_67' title='bbox 2168 954 2344 1001; x_wconf 92' lang='lat' dir='ltr'>nocte</span> <span class='ocrx_word' id='word_1_68' title='bbox 2386 946 2578 1002; x_wconf 91' lang='lat' dir='ltr'>conti-</span> 
     </span>
     <span class='ocr_line' id='line_1_9' title="bbox 568 1032 2578 1107; baseline 0 -16"><span class='ocrx_word' id='word_1_69' title='bbox 568 1043 776 1092; x_wconf 91' lang='lat' dir='ltr'>nenter</span> <span class='ocrx_word' id='word_1_70' title='bbox 819 1034 1007 1091; x_wconf 90' lang='lat' dir='ltr'>ierunt</span> <span class='ocrx_word' id='word_1_71' title='bbox 1028 1054 1045 1106; x_wconf 79' lang='lat'><em>3</em></span> <span class='ocrx_word' id='word_1_72' title='bbox 1103 1032 1318 1091; x_wconf 88' lang='lat' dir='ltr'>nullam</span> <span class='ocrx_word' id='word_1_73' title='bbox 1378 1042 1601 1107; x_wconf 86' lang='lat' dir='ltr'>partem</span> <span class='ocrx_word' id='word_1_74' title='bbox 1652 1034 1842 1090; x_wconf 88' lang='lat' dir='ltr'>noctis</span> <span class='ocrx_word' id='word_1_75' title='bbox 1888 1034 2091 1091; x_wconf 91' lang='lat' dir='ltr'>itinere</span> <span class='ocrx_word' id='word_1_76' title='bbox 2137 1034 2463 1092; x_wconf 91' lang='lat' dir='ltr'>intermisso</span> <span class='ocrx_word' id='word_1_77' title='bbox 2516 1036 2578 1091; x_wconf 88' lang='lat' dir='ltr'>in</span> 
     </span>
     <span class='ocr_line' id='line_1_10' title="bbox 568 1122 2575 1199; baseline -0 -17"><span class='ocrx_word' id='word_1_78' title='bbox 568 1125 714 1182; x_wconf 91' lang='lat' dir='ltr'>fines</span> <span class='ocrx_word' id='word_1_79' title='bbox 745 1124 1074 1199; x_wconf 84' lang='lat' dir='ltr'>Lingonum</span> <span class='ocrx_word' id='word_1_80' title='bbox 1102 1122 1199 1181; x_wconf 90' lang='lat' dir='ltr'>die</span> <span class='ocrx_word' id='word_1_81' title='bbox 1228 1133 1434 1199; x_wconf 83' lang='lat' dir='ltr'>quarto</span> <span class='ocrx_word' id='word_1_82' title='bbox 1476 1134 1881 1199; x_wconf 85' lang='lat' dir='ltr'>pervenerunt,</span> <span class='ocrx_word' id='word_1_83' title='bbox 1910 1142 2047 1182; x_wconf 89' lang='lat' dir='ltr'>cum</span> <span class='ocrx_word' id='word_1_84' title='bbox 2086 1134 2145 1182; x_wconf 94' lang='lat' dir='ltr'>et</span> <span class='ocrx_word' id='word_1_85' title='bbox 2185 1134 2424 1199; x_wconf 87' lang='lat' dir='ltr'>propter</span> <span class='ocrx_word' id='word_1_86' title='bbox 2450 1128 2575 1181; x_wconf 88' lang='lat' dir='ltr'>vul-</span> 
     </span>
    </p>

    <p class='ocr_par' dir='ltr' id='par_1_4' title="bbox 483 1214 2575 1658">
     <span class='ocr_line' id='line_1_11' title="bbox 483 1214 2575 1291; baseline -0 -16"><span class='ocrx_word' id='word_1_87' title='bbox 483 1240 542 1277; x_wconf 86' lang='lat'>10</span> <span class='ocrx_word' id='word_1_88' title='bbox 567 1234 708 1274; x_wconf 87' lang='lat' dir='ltr'>nera</span> <span class='ocrx_word' id='word_1_89' title='bbox 734 1215 977 1273; x_wconf 89' lang='lat' dir='ltr'>militum</span> <span class='ocrx_word' id='word_1_90' title='bbox 1008 1225 1066 1272; x_wconf 91' lang='lat' dir='ltr'>et</span> <span class='ocrx_word' id='word_1_91' title='bbox 1095 1225 1334 1291; x_wconf 89' lang='lat' dir='ltr'>propter</span> <span class='ocrx_word' id='word_1_92' title='bbox 1360 1215 1713 1289; x_wconf 86' lang='lat' dir='ltr'>sepulturam</span> <span class='ocrx_word' id='word_1_93' title='bbox 1740 1216 2067 1273; x_wconf 88' lang='lat' dir='ltr'>occisorum</span> <span class='ocrx_word' id='word_1_94' title='bbox 2097 1216 2276 1273; x_wconf 89' lang='lat' dir='ltr'>nostri</span> <span class='ocrx_word' id='word_1_95' title='bbox 2314 1214 2575 1274; x_wconf 88' lang='lat' dir='ltr'>triduum</span> 
     </span>
     <span class='ocr_line' id='line_1_12' title="bbox 567 1304 2573 1381; baseline 0 -18"><span class='ocrx_word' id='word_1_96' title='bbox 567 1305 773 1363; x_wconf 88' lang='lat' dir='ltr'>morati</span> <span class='ocrx_word' id='word_1_97' title='bbox 803 1324 906 1363; x_wconf 90' lang='lat' dir='ltr'>eos</span> <span class='ocrx_word' id='word_1_98' title='bbox 935 1305 1101 1380; x_wconf 91' lang='lat' dir='ltr'>sequi</span> <span class='ocrx_word' id='word_1_99' title='bbox 1128 1323 1249 1363; x_wconf 92' lang='lat' dir='ltr'>non</span> <span class='ocrx_word' id='word_1_100' title='bbox 1280 1305 1623 1380; x_wconf 88' lang='lat' dir='ltr'>potuissent.</span> <span class='ocrx_word' id='word_1_101' title='bbox 1710 1305 1925 1364; x_wconf 89' lang='lat' dir='ltr'>Caesar</span> <span class='ocrx_word' id='word_1_102' title='bbox 1966 1304 2043 1363; x_wconf 90' lang='lat' dir='ltr'>ad</span> <span class='ocrx_word' id='word_1_103' title='bbox 2086 1306 2378 1381; x_wconf 73' lang='lat' dir='ltr'>Lingonas</span> <span class='ocrx_word' id='word_1_104' title='bbox 2421 1306 2573 1365; x_wconf 88' lang='lat' dir='ltr'>litte-</span> 
     </span>
     <span class='ocr_line' id='line_1_13' title="bbox 567 1396 2572 1471; baseline 0 -16"><span class='ocrx_word' id='word_1_105' title='bbox 567 1415 656 1455; x_wconf 91' lang='lat' dir='ltr'>ras</span> <span class='ocrx_word' id='word_1_106' title='bbox 684 1397 1038 1471; x_wconf 88' lang='lat' dir='ltr'>nuntiosque</span> <span class='ocrx_word' id='word_1_107' title='bbox 1068 1396 1238 1468; x_wconf 90' lang='lat' dir='ltr'>misit,</span> <span class='ocrx_word' id='word_1_108' title='bbox 1269 1414 1345 1455; x_wconf 90' lang='lat' dir='ltr'>ne</span> <span class='ocrx_word' id='word_1_109' title='bbox 1376 1413 1479 1455; x_wconf 90' lang='lat' dir='ltr'>eos</span> <span class='ocrx_word' id='word_1_110' title='bbox 1506 1396 1797 1454; x_wconf 87' lang='lat' dir='ltr'>frumento</span> <span class='ocrx_word' id='word_1_111' title='bbox 1826 1414 1975 1454; x_wconf 88' lang='lat' dir='ltr'>neve</span> <span class='ocrx_word' id='word_1_112' title='bbox 2016 1396 2127 1454; x_wconf 89' lang='lat' dir='ltr'>alia</span> <span class='ocrx_word' id='word_1_113' title='bbox 2164 1414 2226 1454; x_wconf 92' lang='lat' dir='ltr'>re</span> <span class='ocrx_word' id='word_1_114' title='bbox 2269 1396 2533 1455; x_wconf 87' lang='lat' dir='ltr'>iuvarent</span> <span class='ocrx_word' id='word_1_115' title='bbox 2560 1421 2572 1455; x_wconf 75' lang='grc' dir='ltr'>ε</span> 
     </span>
     <span class='ocr_line' id='line_1_14' title="bbox 567 1485 2573 1563; baseline -0 -18"><span class='ocrx_word' id='word_1_116' title='bbox 567 1488 668 1563; x_wconf 89' lang='lat' dir='ltr'>qui</span> <span class='ocrx_word' id='word_1_117' title='bbox 709 1488 756 1545; x_wconf 89' lang='lat' dir='ltr'>si</span> <span class='ocrx_word' id='word_1_118' title='bbox 797 1488 1089 1559; x_wconf 89' lang='lat' dir='ltr'>iuvissent,</span> <span class='ocrx_word' id='word_1_119' title='bbox 1133 1504 1196 1545; x_wconf 90' lang='lat' dir='ltr'>se</span> <span class='ocrx_word' id='word_1_120' title='bbox 1239 1486 1455 1545; x_wconf 89' lang='lat' dir='ltr'>eodem</span> <span class='ocrx_word' id='word_1_121' title='bbox 1495 1487 1649 1559; x_wconf 79' lang='grc' dir='ltr'><strong>Ιοοο,</strong></span> <span class='ocrx_word' id='word_1_122' title='bbox 1692 1504 1811 1563; x_wconf 92' lang='lat' dir='ltr'>quo</span> <span class='ocrx_word' id='word_1_123' title='bbox 1854 1485 2179 1559; x_wconf 83' lang='lat' dir='ltr'>HelvetiOS,</span> <span class='ocrx_word' id='word_1_124' title='bbox 2223 1486 2573 1547; x_wconf 87' lang='lat' dir='ltr'>habiturum.</span> 
     </span>
     <span class='ocr_line' id='line_1_15' title="bbox 569 1580 2537 1658; baseline 0.001 -19"><span class='ocrx_word' id='word_1_125' title='bbox 569 1582 705 1657; x_wconf 89' lang='lat' dir='ltr'>Ipse</span> <span class='ocrx_word' id='word_1_126' title='bbox 734 1580 930 1639; x_wconf 89' lang='lat' dir='ltr'>triduo</span> <span class='ocrx_word' id='word_1_127' title='bbox 957 1581 1282 1639; x_wconf 92' lang='lat' dir='ltr'>intermisso</span> <span class='ocrx_word' id='word_1_128' title='bbox 1311 1599 1449 1638; x_wconf 90' lang='lat' dir='ltr'>cum</span> <span class='ocrx_word' id='word_1_129' title='bbox 1479 1580 1750 1639; x_wconf 88' lang='lat' dir='ltr'>omnibus</span> <span class='ocrx_word' id='word_1_130' title='bbox 1778 1580 1963 1655; x_wconf 89' lang='lat' dir='ltr'>copiis</span> <span class='ocrx_word' id='word_1_131' title='bbox 1992 1598 2096 1639; x_wconf 91' lang='lat' dir='ltr'>eos</span> <span class='ocrx_word' id='word_1_132' title='bbox 2124 1580 2289 1655; x_wconf 90' lang='lat' dir='ltr'>sequi</span> <span class='ocrx_word' id='word_1_133' title='bbox 2318 1582 2537 1658; x_wconf 88' lang='lat' dir='ltr'>coepit.</span> 
     </span>
    </p>

    <p class='ocr_par' dir='ltr' id='par_1_5' title="bbox 483 1670 2571 2112">
     <span class='ocr_line' id='line_1_16' title="bbox 483 1670 2571 1753; baseline 0.001 -24"><span class='ocrx_word' id='word_1_134' title='bbox 483 1701 500 1735; x_wconf 74' lang='grc' dir='ltr'>ι</span> <span class='ocrx_word' id='word_1_135' title='bbox 513 1702 540 1753; x_wconf 80' lang='lat'>5</span> <span class='ocrx_word' id='word_1_136' title='bbox 645 1672 899 1730; x_wconf 89' lang='lat' dir='ltr'>XXVII.</span> <span class='ocrx_word' id='word_1_137' title='bbox 950 1671 1206 1731; x_wconf 88' lang='lat' dir='ltr'>Helvetii</span> <span class='ocrx_word' id='word_1_138' title='bbox 1236 1671 1499 1729; x_wconf 90' lang='lat' dir='ltr'>omnium</span> <span class='ocrx_word' id='word_1_139' title='bbox 1526 1689 1717 1729; x_wconf 89' lang='lat' dir='ltr'>rerum</span> <span class='ocrx_word' id='word_1_140' title='bbox 1746 1672 1945 1746; x_wconf 89' lang='lat' dir='ltr'>inopia</span> <span class='ocrx_word' id='word_1_141' title='bbox 1973 1670 2214 1731; x_wconf 91' lang='lat' dir='ltr'>adducti</span> <span class='ocrx_word' id='word_1_142' title='bbox 2241 1672 2463 1747; x_wconf 87' lang='lat' dir='ltr'>legatos</span> <span class='ocrx_word' id='word_1_143' title='bbox 2493 1672 2571 1731; x_wconf 90' lang='lat' dir='ltr'>de</span> 
     </span>
     <span class='ocr_line' id='line_1_17' title="bbox 567 1761 2571 1838; baseline 0.001 -17"><span class='ocrx_word' id='word_1_144' title='bbox 567 1761 866 1821; x_wconf 90' lang='lat' dir='ltr'>deditione</span> <span class='ocrx_word' id='word_1_145' title='bbox 909 1761 987 1821; x_wconf 90' lang='lat' dir='ltr'>ad</span> <span class='ocrx_word' id='word_1_146' title='bbox 1029 1780 1164 1821; x_wconf 87' lang='lat' dir='ltr'>eum</span> <span class='ocrx_word' id='word_1_147' title='bbox 1207 1762 1505 1821; x_wconf 87' lang='lat' dir='ltr'>miserunt.</span> <span class='ocrx_word' id='word_1_148' title='bbox 1592 1762 1711 1838; x_wconf 87' lang='lat' dir='ltr'>Qui</span> <span class='ocrx_word' id='word_1_149' title='bbox 1752 1782 1889 1821; x_wconf 89' lang='lat' dir='ltr'>cum</span> <span class='ocrx_word' id='word_1_150' title='bbox 1930 1780 2065 1821; x_wconf 87' lang='lat' dir='ltr'>eum</span> <span class='ocrx_word' id='word_1_151' title='bbox 2103 1763 2161 1820; x_wconf 89' lang='lat' dir='ltr'>in</span> <span class='ocrx_word' id='word_1_152' title='bbox 2197 1762 2401 1821; x_wconf 88' lang='lat' dir='ltr'>itinere</span> <span class='ocrx_word' id='word_1_153' title='bbox 2432 1782 2571 1823; x_wconf 89' lang='lat' dir='ltr'>con·</span> 
     </span>
     <span class='ocr_line' id='line_1_18' title="bbox 565 1852 2569 1929; baseline 0 -17"><span class='ocrx_word' id='word_1_154' title='bbox 565 1854 859 1912; x_wconf 88' lang='lat' dir='ltr'>venissent</span> <span class='ocrx_word' id='word_1_155' title='bbox 899 1870 1081 1929; x_wconf 90' lang='lat' dir='ltr'>seque</span> <span class='ocrx_word' id='word_1_156' title='bbox 1121 1852 1197 1911; x_wconf 91' lang='lat' dir='ltr'>ad</span> <span class='ocrx_word' id='word_1_157' title='bbox 1239 1852 1427 1929; x_wconf 91' lang='lat' dir='ltr'>pedes</span> <span class='ocrx_word' id='word_1_158' title='bbox 1470 1853 1853 1929; x_wconf 89' lang='lat' dir='ltr'>proiecissent</span> <span class='ocrx_word' id='word_1_159' title='bbox 1898 1854 2349 1929; x_wconf 87' lang='lat' dir='ltr'>suppliciterque</span> <span class='ocrx_word' id='word_1_160' title='bbox 2389 1853 2569 1912; x_wconf 90' lang='lat' dir='ltr'>locuti</span> 
     </span>
     <span class='ocr_line' id='line_1_19' title="bbox 566 1944 2567 2020; baseline 0 -18"><span class='ocrx_word' id='word_1_161' title='bbox 566 1945 770 2003; x_wconf 88' lang='lat' dir='ltr'>flentes</span> <span class='ocrx_word' id='word_1_162' title='bbox 799 1962 1006 2019; x_wconf 88' lang='lat' dir='ltr'>pacem</span> <span class='ocrx_word' id='word_1_163' title='bbox 1038 1945 1334 2019; x_wconf 90' lang='lat' dir='ltr'>petissent,</span> <span class='ocrx_word' id='word_1_164' title='bbox 1358 1955 1535 2019; x_wconf 89' lang='lat' dir='ltr'>atque</span> <span class='ocrx_word' id='word_1_165' title='bbox 1558 1962 1661 2003; x_wconf 91' lang='lat' dir='ltr'>eos</span> <span class='ocrx_word' id='word_1_166' title='bbox 1690 1944 1751 2003; x_wconf 89' lang='lat' dir='ltr'>in</span> <span class='ocrx_word' id='word_1_167' title='bbox 1778 1962 1853 2003; x_wconf 92' lang='lat' dir='ltr'>eo</span> <span class='ocrx_word' id='word_1_168' title='bbox 1882 1944 2034 2016; x_wconf 91' lang='lat' dir='ltr'>loco,</span> <span class='ocrx_word' id='word_1_169' title='bbox 2059 1961 2178 2020; x_wconf 90' lang='lat' dir='ltr'>quo</span> <span class='ocrx_word' id='word_1_170' title='bbox 2208 1954 2331 2002; x_wconf 88' lang='lat' dir='ltr'>tum</span> <span class='ocrx_word' id='word_1_171' title='bbox 2354 1957 2567 2017; x_wconf 88' lang='lat' dir='ltr'>essent,</span> 
     </span>
     <span class='ocr_line' id='line_1_20' title="bbox 565 2035 2567 2112; baseline 0 -18"><span class='ocrx_word' id='word_1_172' title='bbox 565 2053 734 2094; x_wconf 87' lang='lat' dir='ltr'>suum</span> <span class='ocrx_word' id='word_1_173' title='bbox 756 2035 1073 2093; x_wconf 84' lang='lat' dir='ltr'>adventurn</span> <span class='ocrx_word' id='word_1_174' title='bbox 1097 2045 1435 2111; x_wconf 87' lang='lat' dir='ltr'>exspectare</span> <span class='ocrx_word' id='word_1_175' title='bbox 1458 2036 1729 2109; x_wconf 89' lang='lat' dir='ltr'>iussisset,</span> <span class='ocrx_word' id='word_1_176' title='bbox 1749 2046 2077 2112; x_wconf 90' lang='lat' dir='ltr'>paruerunt.</span> <span class='ocrx_word' id='word_1_177' title='bbox 2141 2035 2233 2095; x_wconf 89' lang='lat' dir='ltr'>Eo</span> <span class='ocrx_word' id='word_1_178' title='bbox 2255 2045 2567 2112; x_wconf 86' lang='lat' dir='ltr'>postquam</span> 
     </span>
    </p>

    <p class='ocr_par' dir='ltr' id='par_1_6' title="bbox 479 2127 2567 2205">
     <span class='ocr_line' id='line_1_21' title="bbox 479 2127 2567 2205; baseline 0 -19"><span class='ocrx_word' id='word_1_179' title='bbox 479 2149 540 2186; x_wconf 88' lang='lat'>20</span> <span class='ocrx_word' id='word_1_180' title='bbox 566 2127 783 2186; x_wconf 90' lang='lat' dir='ltr'>Caesar</span> <span class='ocrx_word' id='word_1_181' title='bbox 801 2128 1083 2204; x_wconf 89' lang='lat' dir='ltr'>pervenit,</span> <span class='ocrx_word' id='word_1_182' title='bbox 1107 2127 1360 2200; x_wconf 82' lang='lat' dir='ltr'>obsideS‚</span> <span class='ocrx_word' id='word_1_183' title='bbox 1380 2147 1557 2200; x_wconf 90' lang='lat' dir='ltr'>arma,</span> <span class='ocrx_word' id='word_1_184' title='bbox 1582 2147 1795 2201; x_wconf 83' lang='lat' dir='ltr'>servoS,</span> <span class='ocrx_word' id='word_1_185' title='bbox 1820 2129 1918 2205; x_wconf 90' lang='lat' dir='ltr'>qui</span> <span class='ocrx_word' id='word_1_186' title='bbox 1941 2128 2019 2187; x_wconf 88' lang='lat' dir='ltr'>ad</span> <span class='ocrx_word' id='word_1_187' title='bbox 2041 2146 2145 2188; x_wconf 91' lang='lat' dir='ltr'>eos</span> <span class='ocrx_word' id='word_1_188' title='bbox 2163 2127 2567 2204; x_wconf 87' lang='lat' dir='ltr'>perfugissent,</span> 
     </span>
    </p>
   </div>
   <div class='ocr_carea' id='block_1_3' title="bbox 565 2220 2692 2303">
    <p class='ocr_par' dir='ltr' id='par_1_7' title="bbox 565 2220 2692 2303">
     <span class='ocr_line' id='line_1_22' title="bbox 565 2220 2692 2303; baseline -0 -24"><span class='ocrx_word' id='word_1_189' title='bbox 565 2220 854 2297; x_wconf 89' lang='lat' dir='ltr'>poposcit.</span> <span class='ocrx_word' id='word_1_190' title='bbox 943 2221 1103 2279; x_wconf 89' lang='lat' dir='ltr'>Dum</span> <span class='ocrx_word' id='word_1_191' title='bbox 1133 2238 1203 2278; x_wconf 88' lang='lat' dir='ltr'>ea</span> <span class='ocrx_word' id='word_1_192' title='bbox 1232 2220 1653 2295; x_wconf 88' lang='lat' dir='ltr'>conquiruntur</span> <span class='ocrx_word' id='word_1_193' title='bbox 1680 2231 1739 2278; x_wconf 93' lang='lat' dir='ltr'>et</span> <span class='ocrx_word' id='word_1_194' title='bbox 1767 2220 2158 2292; x_wconf 87' lang='lat' dir='ltr'>conferuntur,</span> <span class='ocrx_word' id='word_1_195' title='bbox 2188 2230 2363 2278; x_wconf 90' lang='lat' dir='ltr'>nocte</span> <span class='ocrx_word' id='word_1_196' title='bbox 2394 2220 2567 2278; x_wconf 89' lang='lat' dir='ltr'>inter·</span> <span class='ocrx_word' id='word_1_197' title='bbox 2670 2279 2692 2303; x_wconf 38' lang='grc' dir='ltr'><strong><em>Δ</em></strong></span> 
     </span>
    </p>
   </div>
   <div class='ocr_carea' id='block_1_4' title="bbox 445 2311 2569 2842">
    <p class='ocr_par' dir='ltr' id='par_1_8' title="bbox 445 2311 2569 2842">
     <span class='ocr_line' id='line_1_23' title="bbox 564 2311 2569 2388; baseline -0.001 -17"><span class='ocrx_word' id='word_1_198' title='bbox 564 2313 757 2385; x_wconf 88' lang='lat' dir='ltr'>missa,</span> <span class='ocrx_word' id='word_1_199' title='bbox 794 2313 1021 2371; x_wconf 90' lang='lat' dir='ltr'>circiter</span> <span class='ocrx_word' id='word_1_200' title='bbox 1063 2313 1365 2371; x_wconf 90' lang='lat' dir='ltr'>hominum</span> <span class='ocrx_word' id='word_1_201' title='bbox 1412 2313 1567 2370; x_wconf 86' lang='lat' dir='ltr'>milia</span> <span class='ocrx_word' id='word_1_202' title='bbox 1602 2329 1661 2370; x_wconf 80' lang='lat' dir='ltr'>VI</span> <span class='ocrx_word' id='word_1_203' title='bbox 1705 2312 1830 2371; x_wconf 91' lang='lat' dir='ltr'>eius</span> <span class='ocrx_word' id='word_1_204' title='bbox 1873 2313 2027 2388; x_wconf 89' lang='lat' dir='ltr'>pagi,</span> <span class='ocrx_word' id='word_1_205' title='bbox 2066 2312 2165 2386; x_wconf 93' lang='lat' dir='ltr'>qui</span> <span class='ocrx_word' id='word_1_206' title='bbox 2202 2311 2569 2388; x_wconf 88' lang='lat' dir='ltr'>Verbigenus</span> 
     </span>
     <span class='ocr_line' id='line_1_24' title="bbox 564 2402 2569 2479; baseline -0 -18"><span class='ocrx_word' id='word_1_207' title='bbox 564 2404 900 2479; x_wconf 88' lang='lat' dir='ltr'>appellatur,</span> <span class='ocrx_word' id='word_1_208' title='bbox 945 2405 1065 2463; x_wconf 91' lang='lat' dir='ltr'>sive</span> <span class='ocrx_word' id='word_1_209' title='bbox 1107 2405 1314 2462; x_wconf 90' lang='lat' dir='ltr'>timore</span> <span class='ocrx_word' id='word_1_210' title='bbox 1359 2404 1658 2479; x_wconf 89' lang='lat' dir='ltr'>perterriti,</span> <span class='ocrx_word' id='word_1_211' title='bbox 1687 2421 1763 2462; x_wconf 93' lang='lat' dir='ltr'>ne</span> <span class='ocrx_word' id='word_1_212' title='bbox 1806 2403 1977 2462; x_wconf 88' lang='lat' dir='ltr'>armis</span> <span class='ocrx_word' id='word_1_213' title='bbox 2018 2404 2237 2462; x_wconf 89' lang='lat' dir='ltr'>traditis</span> <span class='ocrx_word' id='word_1_214' title='bbox 2279 2402 2569 2478; x_wconf 86' lang='lat' dir='ltr'>supplicio</span> 
     </span>
     <span class='ocr_line' id='line_1_25' title="bbox 565 2493 2566 2570; baseline -0 -18"><span class='ocrx_word' id='word_1_215' title='bbox 565 2494 946 2566; x_wconf 86' lang='lat' dir='ltr'>afficerentur,</span> <span class='ocrx_word' id='word_1_216' title='bbox 993 2496 1112 2553; x_wconf 92' lang='lat' dir='ltr'>sive</span> <span class='ocrx_word' id='word_1_217' title='bbox 1155 2513 1260 2570; x_wconf 90' lang='lat' dir='ltr'>spe</span> <span class='ocrx_word' id='word_1_218' title='bbox 1301 2494 1496 2552; x_wconf 88' lang='lat' dir='ltr'>salutis</span> <span class='ocrx_word' id='word_1_219' title='bbox 1536 2493 1778 2566; x_wconf 91' lang='lat' dir='ltr'>inducti,</span> <span class='ocrx_word' id='word_1_220' title='bbox 1808 2493 1973 2569; x_wconf 90' lang='lat' dir='ltr'>quod</span> <span class='ocrx_word' id='word_1_221' title='bbox 2004 2495 2066 2552; x_wconf 91' lang='lat' dir='ltr'>in</span> <span class='ocrx_word' id='word_1_222' title='bbox 2104 2504 2263 2552; x_wconf 85' lang='lat' dir='ltr'>tanta</span> <span class='ocrx_word' id='word_1_223' title='bbox 2310 2493 2566 2553; x_wconf 89' lang='lat' dir='ltr'>multitu·</span> 
     </span>
     <span class='ocr_line' id='line_1_26' title="bbox 445 2583 2567 2660; baseline 0 -16"><span class='ocrx_word' id='word_1_224' title='bbox 445 2615 448 2620; x_wconf 96' lang='lat'>·</span> <span class='ocrx_word' id='word_1_225' title='bbox 477 2610 503 2644; x_wconf 85' lang='lat'><em>2</em></span> <span class='ocrx_word' id='word_1_226' title='bbox 509 2609 536 2660; x_wconf 86' lang='lat'>5</span> <span class='ocrx_word' id='word_1_227' title='bbox 564 2583 702 2643; x_wconf 91' lang='lat' dir='ltr'>dine</span> <span class='ocrx_word' id='word_1_228' title='bbox 732 2584 1138 2644; x_wconf 89' lang='lat' dir='ltr'>dediticiorum</span> <span class='ocrx_word' id='word_1_229' title='bbox 1157 2603 1320 2642; x_wconf 87' lang='lat' dir='ltr'>suam</span> <span class='ocrx_word' id='word_1_230' title='bbox 1350 2584 1545 2660; x_wconf 82' lang='lat' dir='ltr'>fugam</span> <span class='ocrx_word' id='word_1_231' title='bbox 1574 2594 1674 2643; x_wconf 90' lang='lat' dir='ltr'>aut</span> <span class='ocrx_word' id='word_1_232' title='bbox 1702 2584 1979 2642; x_wconf 88' lang='lat' dir='ltr'>occultari</span> <span class='ocrx_word' id='word_1_233' title='bbox 2000 2595 2101 2642; x_wconf 87' lang='lat' dir='ltr'>aut</span> <span class='ocrx_word' id='word_1_234' title='bbox 2128 2584 2369 2643; x_wconf 88' lang='lat' dir='ltr'>omnino</span> <span class='ocrx_word' id='word_1_235' title='bbox 2400 2585 2567 2660; x_wconf 88' lang='lat' dir='ltr'>igno·</span> 
     </span>
     <span class='ocr_line' id='line_1_27' title="bbox 562 2675 2566 2752; baseline 0 -20"><span class='ocrx_word' id='word_1_236' title='bbox 562 2676 668 2733; x_wconf 92' lang='lat' dir='ltr'>rari</span> <span class='ocrx_word' id='word_1_237' title='bbox 712 2694 886 2752; x_wconf 91' lang='lat' dir='ltr'>posse</span> <span class='ocrx_word' id='word_1_238' title='bbox 932 2677 1341 2747; x_wconf 87' lang='lat' dir='ltr'>existimarent,</span> <span class='ocrx_word' id='word_1_239' title='bbox 1380 2676 1570 2750; x_wconf 90' lang='lat' dir='ltr'>prima</span> <span class='ocrx_word' id='word_1_240' title='bbox 1610 2685 1786 2733; x_wconf 89' lang='lat' dir='ltr'>nocte</span> <span class='ocrx_word' id='word_1_241' title='bbox 1832 2693 1865 2733; x_wconf 95' lang='lat' dir='ltr'>e</span> <span class='ocrx_word' id='word_1_242' title='bbox 1914 2675 2113 2734; x_wconf 85' lang='lat' dir='ltr'>castris</span> <span class='ocrx_word' id='word_1_243' title='bbox 2159 2675 2566 2734; x_wconf 85' lang='lat' dir='ltr'>Helvetiorum</span> 
     </span>
     <span class='ocr_line' id='line_1_28' title="bbox 564 2764 2413 2842; baseline 0.001 -19"><span class='ocrx_word' id='word_1_244' title='bbox 564 2767 775 2842; x_wconf 90' lang='lat' dir='ltr'>egressi</span> <span class='ocrx_word' id='word_1_245' title='bbox 805 2765 880 2825; x_wconf 90' lang='lat' dir='ltr'>ad</span> <span class='ocrx_word' id='word_1_246' title='bbox 911 2766 1186 2824; x_wconf 87' lang='lat' dir='ltr'>Rhenum</span> <span class='ocrx_word' id='word_1_247' title='bbox 1216 2766 1480 2840; x_wconf 89' lang='lat' dir='ltr'>finesque</span> <span class='ocrx_word' id='word_1_248' title='bbox 1510 2766 1937 2826; x_wconf 87' lang='lat' dir='ltr'>Germanorum</span> <span class='ocrx_word' id='word_1_249' title='bbox 1966 2764 2413 2824; x_wconf 79' lang='lat' dir='ltr'>contenderunt.</span> 
     </span>
    </p>
   </div>
   <div class='ocr_carea' id='block_1_5' title="bbox 638 2944 2511 3082">
    <p class='ocr_par' dir='ltr' id='par_1_9' title="bbox 638 2944 2511 3082">
     <span class='ocr_line' id='line_1_29' title="bbox 638 2944 2511 3079; baseline -0.001 -78"><span class='ocrx_word' id='word_1_250' title='bbox 638 2948 850 3002; x_wconf 75' lang='lat' dir='ltr'>Caesar</span> <span class='ocrx_word' id='word_1_251' title='bbox 881 2953 1054 3001; x_wconf 82' lang='lat' dir='ltr'>states</span> <span class='ocrx_word' id='word_1_252' title='bbox 1088 2945 1180 3000; x_wconf 79' lang='lat' dir='ltr'>the</span> <span class='ocrx_word' id='word_1_253' title='bbox 1215 2948 1503 3079; x_wconf 62' lang='lat' dir='ltr'>termsheff</span> <span class='ocrx_word' id='word_1_254' title='bbox 1536 2945 1888 3000; x_wconf 83' lang='lat' dir='ltr'>submission.</span> <span class='ocrx_word' id='word_1_255' title='bbox 1998 2945 2111 3000; x_wconf 66' lang='lat' dir='ltr'>Tbe</span> <span class='ocrx_word' id='word_1_256' title='bbox 2156 2944 2391 2999; x_wconf 83' lang='lat' dir='ltr'>number</span> <span class='ocrx_word' id='word_1_257' title='bbox 2434 2949 2511 3016; x_wconf 78' lang='lat' dir='ltr'>qs</span> 
     </span>
     <span class='ocr_line' id='line_1_30' title="bbox 1361 3027 1760 3082; baseline -0.01 0"><span class='ocrx_word' id='word_1_258' title='bbox 1361 3034 1388 3082; x_wconf 86' lang='lat' dir='ltr'>t</span> <span class='ocrx_word' id='word_1_259' title='bbox 1424 3044 1451 3080; x_wconf 83' lang='lat' dir='ltr'>e</span> <span class='ocrx_word' id='word_1_260' title='bbox 1486 3027 1760 3082; x_wconf 80' lang='lat' dir='ltr'>Helvetii.</span> 
     </span>
    </p>
   </div>
   <div class='ocr_carea' id='block_1_6' title="bbox 476 3167 2583 3878">
    <p class='ocr_par' dir='ltr' id='par_1_10' title="bbox 643 3167 2583 3244">
     <span class='ocr_line' id='line_1_31' title="bbox 643 3167 2583 3244; baseline -0.001 -16"><span class='ocrx_word' id='word_1_261' title='bbox 643 3170 928 3228; x_wconf 92' lang='lat' dir='ltr'><strong>XXVIII.</strong></span> <span class='ocrx_word' id='word_1_262' title='bbox 947 3169 952 3174; x_wconf 85' lang='grc'><strong>’</strong></span> <span class='ocrx_word' id='word_1_263' title='bbox 973 3168 1154 3243; x_wconf 87' lang='lat' dir='ltr'>Quod</span> <span class='ocrx_word' id='word_1_264' title='bbox 1181 3169 1278 3227; x_wconf 89' lang='lat' dir='ltr'>ubi</span> <span class='ocrx_word' id='word_1_265' title='bbox 1303 3169 1520 3227; x_wconf 83' lang='lat' dir='ltr'>Caesar</span> <span class='ocrx_word' id='word_1_266' title='bbox 1544 3167 1755 3239; x_wconf 88' lang='lat' dir='ltr'>resciit,</span> <span class='ocrx_word' id='word_1_267' title='bbox 1778 3185 2026 3243; x_wconf 89' lang='lat' dir='ltr'>quorum</span> <span class='ocrx_word' id='word_1_268' title='bbox 2054 3185 2160 3244; x_wconf 90' lang='lat' dir='ltr'>per</span> <span class='ocrx_word' id='word_1_269' title='bbox 2185 3167 2331 3226; x_wconf 87' lang='lat' dir='ltr'>fines</span> <span class='ocrx_word' id='word_1_270' title='bbox 2358 3167 2583 3240; x_wconf 77' lang='lat' dir='ltr'>ierant,</span> 
     </span>
    </p>

    <p class='ocr_par' dir='ltr' id='par_1_11' title="bbox 476 3243 2569 3878">
     <span class='ocr_line' id='line_1_32' title="bbox 565 3243 2565 3336; baseline -0.002 -18"><span class='ocrx_word' id='word_1_271' title='bbox 565 3261 670 3331; x_wconf 87' lang='lat' dir='ltr'>his,</span> <span class='ocrx_word' id='word_1_272' title='bbox 694 3262 776 3318; x_wconf 91' lang='lat' dir='ltr'>uti</span> <span class='ocrx_word' id='word_1_273' title='bbox 805 3261 1215 3335; x_wconf 89' lang='lat' dir='ltr'>conquirerent</span> <span class='ocrx_word' id='word_1_274' title='bbox 1243 3269 1302 3317; x_wconf 89' lang='lat' dir='ltr'>et</span> <span class='ocrx_word' id='word_1_275' title='bbox 1328 3258 1695 3332; x_wconf 87' lang='lat' dir='ltr'>reducerent,</span> <span class='ocrx_word' id='word_1_276' title='bbox 1714 3243 1768 3317; x_wconf 74' lang='lat' dir='ltr'>si</span> <span class='ocrx_word' id='word_1_277' title='bbox 1790 3260 1898 3318; x_wconf 90' lang='lat' dir='ltr'>sibi</span> <span class='ocrx_word' id='word_1_278' title='bbox 1925 3259 2150 3336; x_wconf 87' lang='lat' dir='ltr'>purgati</span> <span class='ocrx_word' id='word_1_279' title='bbox 2178 3275 2308 3318; x_wconf 88' lang='lat' dir='ltr'>esse</span> <span class='ocrx_word' id='word_1_280' title='bbox 2329 3258 2565 3329; x_wconf 86' lang='lat' dir='ltr'>vellent,</span> 
     </span>
     <span class='ocr_line' id='line_1_33' title="bbox 476 3349 2567 3427; baseline -0.001 -17"><span class='ocrx_word' id='word_1_281' title='bbox 476 3376 537 3426; x_wconf 87' lang='lat'>30</span> <span class='ocrx_word' id='word_1_282' title='bbox 562 3352 905 3427; x_wconf 89' lang='lat' dir='ltr'>imperavit;</span> <span class='ocrx_word' id='word_1_283' title='bbox 960 3350 1236 3409; x_wconf 88' lang='lat' dir='ltr'>reductos</span> <span class='ocrx_word' id='word_1_284' title='bbox 1293 3350 1351 3407; x_wconf 92' lang='lat' dir='ltr'>in</span> <span class='ocrx_word' id='word_1_285' title='bbox 1408 3350 1661 3408; x_wconf 90' lang='lat' dir='ltr'>hostium</span> <span class='ocrx_word' id='word_1_286' title='bbox 1716 3367 1961 3408; x_wconf 86' lang='lat' dir='ltr'>nurnero</span> <span class='ocrx_word' id='word_1_287' title='bbox 1998 3350 2254 3422; x_wconf 88' lang='lat' dir='ltr'>.habuit;</span> <span class='ocrx_word' id='word_1_288' title='bbox 2310 3349 2567 3425; x_wconf 90' lang='lat' dir='ltr'>reliquos</span> 
     </span>
     <span class='ocr_line' id='line_1_34' title="bbox 563 3439 2567 3515; baseline -0 -16"><span class='ocrx_word' id='word_1_289' title='bbox 563 3458 770 3499; x_wconf 87' lang='lat' dir='ltr'>omnes</span> <span class='ocrx_word' id='word_1_290' title='bbox 813 3440 1128 3514; x_wconf 88' lang='lat' dir='ltr'>obsidibus,</span> <span class='ocrx_word' id='word_1_291' title='bbox 1173 3441 1360 3513; x_wconf 90' lang='lat' dir='ltr'>armis,</span> <span class='ocrx_word' id='word_1_292' title='bbox 1406 3440 1659 3515; x_wconf 89' lang='lat' dir='ltr'>perfugis</span> <span class='ocrx_word' id='word_1_293' title='bbox 1694 3439 1915 3498; x_wconf 87' lang='lat' dir='ltr'>traditis</span> <span class='ocrx_word' id='word_1_294' title='bbox 1956 3441 2017 3498; x_wconf 90' lang='lat' dir='ltr'>in</span> <span class='ocrx_word' id='word_1_295' title='bbox 2058 3439 2423 3500; x_wconf 88' lang='lat' dir='ltr'>deditionem</span> <span class='ocrx_word' id='word_1_296' title='bbox 2466 3459 2567 3498; x_wconf 88' lang='lat' dir='ltr'>ac-</span> 
     </span>
     <span class='ocr_line' id='line_1_35' title="bbox 564 3531 2566 3607; baseline 0 -18"><span class='ocrx_word' id='word_1_297' title='bbox 564 3533 737 3607; x_wconf 89' lang='lat' dir='ltr'>cepit.</span> <span class='ocrx_word' id='word_1_298' title='bbox 825 3532 1146 3602; x_wconf 88' lang='lat' dir='ltr'>Helvetios,</span> <span class='ocrx_word' id='word_1_299' title='bbox 1188 3531 1487 3606; x_wconf 80' lang='lat' dir='ltr'>TulingoS,</span> <span class='ocrx_word' id='word_1_300' title='bbox 1533 3531 1873 3605; x_wconf 85' lang='lat' dir='ltr'>Latobrigos</span> <span class='ocrx_word' id='word_1_301' title='bbox 1916 3531 1976 3588; x_wconf 89' lang='lat' dir='ltr'>in</span> <span class='ocrx_word' id='word_1_302' title='bbox 2017 3531 2163 3590; x_wconf 91' lang='lat' dir='ltr'>fines</span> <span class='ocrx_word' id='word_1_303' title='bbox 2205 3549 2359 3601; x_wconf 81' lang='lat' dir='ltr'>suOS,</span> <span class='ocrx_word' id='word_1_304' title='bbox 2404 3531 2566 3592; x_wconf 87' lang='lat' dir='ltr'>unde</span> 
     </span>
     <span class='ocr_line' id='line_1_36' title="bbox 563 3621 2568 3697; baseline 0 -18"><span class='ocrx_word' id='word_1_305' title='bbox 563 3631 728 3679; x_wconf 87' lang='lat' dir='ltr'>erant</span> <span class='ocrx_word' id='word_1_306' title='bbox 781 3622 1043 3697; x_wconf 86' lang='lat' dir='ltr'>profecti,</span> <span class='ocrx_word' id='word_1_307' title='bbox 1093 3621 1298 3679; x_wconf 88' lang='lat' dir='ltr'>reverti</span> <span class='ocrx_word' id='word_1_308' title='bbox 1346 3621 1545 3694; x_wconf 82' lang='lat' dir='ltr'>iussit,-</span> <span class='ocrx_word' id='word_1_309' title='bbox 1604 3631 1680 3692; x_wconf 86' lang='lat' dir='ltr'>et,</span> <span class='ocrx_word' id='word_1_310' title='bbox 1738 3621 1901 3696; x_wconf 91' lang='lat' dir='ltr'>quod</span> <span class='ocrx_word' id='word_1_311' title='bbox 1956 3621 2227 3680; x_wconf 89' lang='lat' dir='ltr'>omnibus</span> <span class='ocrx_word' id='word_1_312' title='bbox 2282 3621 2568 3681; x_wconf 76' lang='lat' dir='ltr'>fructibus</span> 
     </span>
     <span class='ocr_line' id='line_1_37' title="bbox 564 3710 2568 3788; baseline 0.001 -20"><span class='ocrx_word' id='word_1_313' title='bbox 564 3711 787 3769; x_wconf 90' lang='lat' dir='ltr'>amissis</span> <span class='ocrx_word' id='word_1_314' title='bbox 829 3710 993 3769; x_wconf 88' lang='lat' dir='ltr'>domi</span> <span class='ocrx_word' id='word_1_315' title='bbox 1033 3711 1175 3769; x_wconf 89' lang='lat' dir='ltr'>nihil</span> <span class='ocrx_word' id='word_1_316' title='bbox 1217 3721 1355 3783; x_wconf 91' lang='lat' dir='ltr'>erat,</span> <span class='ocrx_word' id='word_1_317' title='bbox 1383 3730 1507 3786; x_wconf 89' lang='lat' dir='ltr'>quo</span> <span class='ocrx_word' id='word_1_318' title='bbox 1548 3711 1763 3769; x_wconf 89' lang='lat' dir='ltr'>famem</span> <span class='ocrx_word' id='word_1_319' title='bbox 1797 3711 2125 3786; x_wconf 87' lang='lat' dir='ltr'>tolerarent,</span> <span class='ocrx_word' id='word_1_320' title='bbox 2157 3713 2568 3788; x_wconf 84' lang='lat' dir='ltr'>Allobrogibus</span> 
     </span>
     <span class='ocr_line' id='line_1_38' title="bbox 479 3801 2569 3878; baseline 0.002 -20"><span class='ocrx_word' id='word_1_321' title='bbox 479 3814 538 3867; x_wconf 85' lang='lat'>35</span> <span class='ocrx_word' id='word_1_322' title='bbox 566 3802 885 3876; x_wconf 88' lang='lat' dir='ltr'>imperavit,</span> <span class='ocrx_word' id='word_1_323' title='bbox 931 3810 995 3858; x_wconf 90' lang='lat' dir='ltr'>ut</span> <span class='ocrx_word' id='word_1_324' title='bbox 1049 3802 1134 3858; x_wconf 90' lang='lat' dir='ltr'>eis</span> <span class='ocrx_word' id='word_1_325' title='bbox 1188 3801 1456 3860; x_wconf 86' lang='lat' dir='ltr'>frumenti</span> <span class='ocrx_word' id='word_1_326' title='bbox 1503 3802 1736 3876; x_wconf 88' lang='lat' dir='ltr'>copiam</span> <span class='ocrx_word' id='word_1_327' title='bbox 1778 3801 2071 3861; x_wconf 85' lang='lat' dir='ltr'>facerent:</span> <span class='ocrx_word' id='word_1_328' title='bbox 2131 3804 2287 3878; x_wconf 88' lang='lat' dir='ltr'>ipsos</span> <span class='ocrx_word' id='word_1_329' title='bbox 2337 3803 2569 3878; x_wconf 88' lang='lat' dir='ltr'>oppida</span> 
     </span>
    </p>
   </div>
  </div>
 </body>
</html>
