2796 4207
458 241 585 307 138
1102 257 1213 311 DE
1264 257 1520 312 BELLO
1573 256 1922 312 GALLICO

544 421 619 481 tis
671 420 867 480 officia
911 420 1255 498 praestabat.
1343 421 1499 480 Cum
1551 429 1791 497 propter
1838 418 2262 496 longitudinem
2313 418 2568 494 agminis

544 512 737 571 minus
778 512 943 570 facile
986 513 1186 570 omnia
1224 528 1331 587 per
1372 529 1434 569 se
1475 511 1638 569 obire
1681 521 1758 584 et,
1789 509 1932 587 quid
1973 528 2210 587 quoque
2255 509 2390 588 loco
2422 509 2568 569 faci-

546 602 768 662 endum
824 612 992 675 esset,
1048 602 1354 679 providere
1411 611 1670 678 possent,
1714 603 2000 660 iusserunt
2049 601 2442 676 pronuntiare,
2497 611 2572 660 ut

544 693 969 775 impedimenta
1034 694 1428 768 relinquerent
1495 702 1671 767 atque
1741 692 1801 750 in
1872 692 2077 751 orbem
2160 693 2568 752 consisterent.

494 808 520 860 5
548 785 731 861 Quod
771 785 1077 843 consilium
1107 785 1215 843 etsi
1250 785 1310 843 in
1340 782 1630 843 eiusmodi
1671 801 1810 841 casu
1855 782 2413 858 reprehendendum
2440 802 2568 842 non

547 885 653 948 est,
710 884 907 935 tamen
963 873 1344 934 incommode
1400 873 1652 932 accidit:
1718 894 1855 933 nam
1913 884 1974 933 et
2025 876 2234 935 nostris
2289 874 2569 933 militibus

548 985 713 1043 spem
771 967 979 1025 minuit
1033 974 1093 1024 et
1148 965 1347 1023 hostes
1401 963 1479 1023 ad
1535 965 1922 1041 pugnandum
1985 967 2292 1026 alacriores
2348 965 2568 1037 effecit,

549 1056 712 1133 quod
767 1074 891 1115 non
938 1057 1062 1115 sine
1113 1073 1344 1115 summo
1401 1056 1607 1113 timore
1659 1066 1718 1115 et
1766 1056 2178 1134 desperatione
2229 1055 2292 1115 id
2343 1056 2565 1115 factum

547 1148 869 1208 videbatur.
954 1150 1259 1206 Praeterea
1309 1145 1547 1219 accidit,
1604 1147 1771 1223 quod
1823 1149 1948 1209 fieri
2001 1166 2244 1208 necesse
2301 1156 2444 1219 erat,
2500 1158 2569 1204 ut

462 1274 525 1311 10
550 1240 723 1317 vulgo
766 1239 975 1297 milites
1004 1239 1078 1298 ab
1120 1238 1295 1315 signis
1337 1236 1730 1312 discederent,
1761 1257 2030 1317 quaeque
2072 1240 2321 1316 quisque
2357 1226 2566 1296 eorum

550 1332 843 1391 carissima
897 1330 1154 1404 haberet,
1208 1331 1285 1390 ab
1338 1330 1778 1408 impedimentis
1825 1342 2026 1408 petere
2079 1340 2256 1406 atque
2313 1328 2568 1404 arripere

548 1432 904 1499 properaret,
946 1422 1202 1480 clamore
1244 1430 1305 1479 et
1346 1421 1484 1481 fletu
1525 1424 1726 1482 omnia
1766 1424 2216 1499 complerentur.

628 1514 901 1573 XXXIV.
945 1516 1023 1571 At
1063 1512 1317 1572 barbaris
1362 1515 1670 1573 consilium
1717 1533 1838 1573 non
1881 1513 2086 1572 defuit.
2177 1512 2334 1570 Nam
2376 1508 2568 1569 duces

551 1624 757 1665 eorum
798 1615 922 1665 tota
962 1606 1087 1663 acie
1129 1606 1504 1681 pronuntiare
1544 1606 1848 1674 iusserunt,
1877 1623 1954 1663 ne
1995 1604 2124 1678 quis
2167 1602 2243 1661 ab
2283 1602 2420 1660 loco
2449 1600 2570 1659 dis-

469 1711 526 1766 15
552 1698 827 1759 cederet:
872 1698 1099 1756 illorum
1128 1715 1257 1756 esse
1278 1697 1558 1773 praedam
1587 1706 1762 1773 atque
1793 1696 1896 1755 illis
1926 1694 2220 1767 reservari,
2245 1710 2570 1770 quaecum-

553 1810 669 1869 que
711 1791 969 1851 Romani
1009 1790 1410 1865 reliquissent:
1454 1787 1704 1863 proinde
1746 1788 1946 1845 omnia
1985 1787 2045 1845 in
2085 1786 2328 1845 victoria
2367 1784 2568 1860 posita

555 1885 965 1944 existimarent.
1065 1882 1247 1940 Erant
1300 1891 1359 1940 et
1412 1877 1619 1938 virtute
1672 1887 1732 1937 et
1772 1896 2017 1936 numero
2059 1874 2360 1953 pugnandi
2395 1890 2572 1950 pares

551 1980 733 2037 nostri
754 1999 771 2052 3
800 1977 1031 2036 tametsi
1058 1975 1134 2034 ab
1163 1973 1315 2033 duce
1337 1983 1397 2033 et
1424 1992 1461 2032 a
1485 1972 1717 2031 fortuna
1738 1966 2173 2037 deserebantur,
2203 1974 2404 2023 tamen
2435 1980 2567 2021 orn-

554 2083 694 2125 nem
735 2082 903 2142 spem
945 2063 1141 2123 salutis
1182 2062 1243 2120 in
1282 2061 1490 2120 virtute
1532 2059 1850 2135 ponebant,
1881 2066 1940 2116 et
1981 2056 2254 2133 quotiens
2294 2070 2570 2130 quaeque

469 2175 531 2212 20
556 2159 767 2218 cohors
824 2164 1204 2234 procurrerat,
1260 2154 1336 2212 ab
1378 2171 1450 2212 ea
1501 2161 1664 2227 parte
1707 2167 1950 2225 magnus
1992 2165 2269 2206 numerus
2311 2146 2574 2205 hostium

558 2249 825 2309 cadebat.
911 2248 1047 2323 Qua
1087 2265 1149 2304 re
1198 2243 1602 2303 animadversa
1642 2241 1943 2300 Ambiorix
1983 2237 2345 2314 pronuntiari
2387 2237 2572 2310 iubet,

558 2352 623 2400 ut
664 2341 865 2417 procul
907 2340 1023 2399 tela
1064 2337 1361 2397 coniciant
1402 2352 1516 2393 neu
1559 2333 1798 2409 propius
1840 2330 2128 2390 accedant
2169 2339 2243 2402 et,
2286 2346 2468 2404 quam
2511 2328 2573 2385 in

558 2441 783 2509 partem
827 2430 1083 2489 Romani
1124 2430 1410 2504 impetum
1437 2424 1699 2496 fecerint,
1729 2421 1946 2481 cedant
1981 2421 2238 2495 (levitate
2275 2436 2570 2476 armorum

560 2532 622 2581 et
648 2522 943 2582 cotidiana
978 2519 1392 2580 exercitatione
1428 2515 1568 2574 nihil
1597 2514 1665 2573 iis
1691 2513 1892 2571 noceri
1920 2511 2146 2588 posse),
2175 2527 2368 2567 rursus
2397 2525 2462 2566 se
2493 2507 2571 2564 ad

475 2639 534 2692 ες
561 2615 725 2691 signa
750 2613 1099 2689 recipientes
1126 2611 1520 2685 insequantur.

640 2704 876 2762 XXXV.
922 2702 1059 2777 Quo
1116 2708 1434 2776 praecepto
1491 2697 1565 2755 ab
1619 2695 1686 2752 iis
1750 2689 2187 2767 diligentissime
2243 2687 2574 2755 observatO,

561 2813 699 2854 cum
748 2795 1057 2871 quaepiam
1101 2791 1313 2849 cohors
1369 2807 1445 2847 ex
1493 2786 1634 2845 orbe
1684 2791 2013 2842 excesserat
2061 2789 2238 2856 atque
2283 2779 2576 2854 impetum

562 2887 796 2958 fecerat,
839 2885 1035 2944 hostes
1078 2881 1442 2941 velocissime
1491 2875 1870 2951 refugiebant.
1966 2872 2206 2930 Interim
2264 2887 2397 2928 eam
2441 2887 2575 2944 par-

562 2987 683 3036 tem
738 2976 943 3035 nudari
997 2991 1241 3033 necesse
1296 2981 1418 3030 erat
1472 2979 1532 3029 et
1580 2968 1655 3027 ab
1712 2965 1888 3023 latere
1945 2971 2148 3039 aperto
2205 2961 2320 3020 tela
2367 2959 2574 3034 recipi.

476 3087 538 3138 30
565 3070 802 3141 Rursus,
860 3084 994 3124 cum
1052 3065 1113 3123 in
1166 3081 1302 3122 eum
1362 3063 1574 3132 locum,
1633 3055 1793 3116 unde
1856 3063 2021 3114 erant
2075 3052 2308 3129 egressi,
2364 3050 2576 3109 reverti

563 3166 897 3236 coeperant,
948 3164 1009 3214 et
1055 3154 1131 3214 ab
1185 3153 1271 3225 iis,
1314 3153 1416 3228 qui
1454 3158 1768 3220 cesserant,
1811 3156 1871 3205 et
1925 3145 2002 3204 ab
2046 3144 2131 3216 iis,
2176 3143 2277 3218 qui
2321 3141 2573 3217 proximi

563 3253 858 3321 steterant,
901 3245 1539 3315 circumveniebantur;
1595 3241 1683 3298 sin
1728 3249 1926 3297 autem
1967 3235 2167 3295 locum
2212 3243 2426 3316 tenere·
2453 3232 2572 3290 vel-

565 3341 702 3414 lent,
744 3357 858 3398 nec
899 3337 1092 3397 virtuti
1130 3337 1295 3394 locus
1334 3332 1780 3408 relinquebatur,
1810 3346 2007 3405 neque
2049 3328 2124 3388 ab
2172 3335 2334 3386 tanta
2379 3323 2574 3384 multi-

564 3430 767 3491 tudine
809 3430 1080 3490 coniecta
1126 3427 1241 3486 tela
1287 3424 1530 3484 conferti
1575 3422 1754 3482 vitare
1811 3430 2100 3497 poterant.
2203 3419 2432 3477 Tamen
2482 3425 2574 3475 tot

476 3532 540 3585 35
564 3520 957 3582 incommodis
992 3516 1323 3588 conflictati,
1353 3514 1546 3573 multis
1573 3514 1906 3576 vulneribus
1940 3511 2201 3588 acceptis
2228 3508 2577 3567 resistebant

566 3622 624 3672 et
652 3631 865 3688 magna
898 3619 1061 3687 parte
1099 3607 1213 3666 diei
1254 3615 1620 3682 consumpta,
1650 3625 1788 3666 cum
1816 3627 1851 3666 a
1876 3607 2062 3682 prima
2094 3603 2225 3660 luce
2255 3598 2332 3658 ad
2369 3599 2572 3659 horam

566 3712 834 3761 octavam
874 3708 1242 3777 pugnaretur,
1272 3697 1432 3770 nihil,
1475 3697 1640 3772 quod
1681 3699 1816 3772 ipsis
1859 3703 2010 3752 esset
2052 3692 2378 3768 indignum,
2408 3708 2570 3748 com-

566 3793 891 3852 mittebant.
972 3790 1127 3848 Tum
1154 3789 1291 3846 Tito
1321 3787 1642 3858 Balventi0,
1671 3785 1769 3858 qui
1805 3784 2101 3858 superiore
2131 3800 2289 3841 anno
2320 3781 2572 3858 primum
