2796 4207
560 168 685 233 184
1194 186 1302 239 DE
1356 184 1614 239 BELLo
1667 183 2014 238 GALL1co

722 349 978 407 XXXII.
1020 349 1239 408 Caesar
1265 348 1493 406 Avarici
1523 347 1852 423 complures
1894 343 2022 405 dies
2058 352 2456 405 commoratus
2499 361 2664 401 sum-

644 457 919 515 mamque
961 440 1041 500 ibi
1083 440 1316 515 copiam
1344 439 1620 499 frumenti
1660 448 1718 496 et
1751 437 1958 512 reliqui
1999 445 2365 495 commeatus
2406 445 2668 493 nanctus

642 532 961 589 exercitum
990 548 1063 589 ex
1090 532 1287 589 labore
1316 540 1494 607 atque
1524 529 1722 605 inopia
1748 528 1969 586 refecit.
2056 528 2183 585 Iam
2228 544 2415 603 prope
2456 526 2668 585 hieme

640 621 928 693 confecta,
960 640 1095 681 cum
1132 623 1263 697 ipso
1293 623 1432 681 anni
1474 630 1738 697 tempore
1768 619 1845 678 ad
1872 617 2197 695 gerendum
2227 617 2445 676 bellum
2475 635 2666 676 voca-

588 728 615 783 5
641 722 797 772 retur
822 723 884 771 et
910 712 988 772 ad
1016 712 1247 772 hostem
1291 712 1582 789 proficisci
1624 711 2036 781 constituisset,
2065 710 2184 768 sive
2217 728 2354 767 eum
2384 726 2461 766 ex
2493 708 2666 783 palu-

640 802 811 862 dibus
840 803 1109 879 silvisque
1152 805 1361 863 elicere
1405 803 1524 861 sive
1567 800 1876 861 obsidione
1919 818 2186 876 premere
2231 810 2452 875 posset,
2483 800 2670 875 legati

640 892 717 952 ad
766 911 902 953 eum
950 896 1243 971 principes
1292 892 1633 952 Aeduorum
1681 893 1923 951 veniunt
1979 900 2226 963 oratum,
2275 902 2341 949 ut
2399 892 2670 949 maxime

640 988 969 1047 necessario
1012 999 1275 1063 tempore
1318 987 1534 1046 civitati
1577 986 1916 1045 subveniat:
1963 1002 2194 1043 summo
2237 1002 2365 1043 esse
2405 985 2468 1042 in
2507 984 2668 1059 peri-

640 1078 773 1136 culo
824 1096 965 1149 rem,
1009 1078 1189 1153 quod,
1243 1096 1377 1137 cum
1431 1076 1638 1152 singuli
1689 1076 2052 1151 magistratus
2101 1075 2422 1149 antiquitus
2473 1075 2671 1132 creari

558 1190 614 1227 10
640 1177 813 1244 atque
858 1170 1071 1245 regiam
1114 1179 1466 1244 potestatem
1508 1185 1726 1226 annum
1773 1167 2037 1225 obtinere
2080 1175 2488 1238 consuessent,
2537 1164 2667 1223 duo

639 1260 1031 1335 magistratum
1059 1270 1261 1337 gerant
1290 1270 1348 1319 et
1376 1278 1438 1319 se
1469 1269 1712 1334 uterque
1743 1275 1948 1316 eorum
1977 1258 2200 1333 legibus
2230 1266 2496 1315 creatum
2531 1276 2668 1317 esse

639 1348 813 1408 dicat.
900 1352 1131 1410 Horum
1181 1369 1308 1410 esse
1354 1352 1598 1410 alterum
1640 1349 2186 1420 Convictolitavem‚
2232 1348 2552 1408 florentem
2605 1359 2666 1407 et

638 1440 913 1499 illustrem
954 1441 1408 1513 adulescentem,
1450 1442 1694 1501 alterum
1725 1441 1964 1511 Cotum,
1993 1440 2396 1515 antiquissima
2434 1440 2668 1498 familia

638 1541 838 1590 uatum
880 1542 1053 1608 atque
1096 1533 1288 1608 ipsum
1329 1533 1630 1591 hominem
1675 1550 1940 1591 summae
1983 1531 2282 1606 potentiae
2313 1540 2371 1589 et
2401 1548 2662 1607 magnae

554 1636 609 1689 15
638 1623 1023 1699 cognationiS,
1068 1624 1232 1681 cuius
1276 1624 1448 1682 frater
1484 1624 1820 1682 Valetiacus
1869 1623 2137 1698 proximo
2181 1640 2341 1680 anno
2387 1621 2662 1681 eundem

636 1715 1031 1789 magistratum
1048 1716 1305 1789 gesserit.
1350 1716 1662 1773 Civitatem
1680 1732 1809 1775 esse
1825 1732 2064 1773 omnem
2087 1713 2146 1772 in
2164 1714 2338 1772 armis
2359 1733 2376 1785 3
2397 1712 2659 1772 divisum

636 1804 939 1881 populum,
970 1823 1103 1863 suas
1147 1806 1430 1881 cuiusque
1474 1823 1679 1864 eorum
1707 1805 2026 1864 clientelas,
2113 1803 2297 1878 Quod
2339 1804 2388 1862 si
2431 1803 2658 1863 diutius

637 1898 818 1956 alatur
845 1899 1252 1969 controversia,
1284 1899 1426 1971 fore,
1452 1899 1533 1957 uti
1551 1917 1683 1975 pars
1707 1916 1846 1957 cum
1867 1908 2027 1974 parte
2057 1898 2302 1956 civitatis
2331 1896 2619 1974 confligat
2641 1918 2656 1967 3

638 1987 697 2046 id
728 2006 801 2046 ne
831 1988 1077 2059 accidat,
1102 1990 1356 2065 positum
1384 1990 1446 2047 in
1474 1990 1599 2047 eius
1628 1988 1928 2065 diligentia
1955 1999 2128 2064 atque
2159 1988 2530 2048 auctoritate.

552 2096 612 2133 20
717 2080 1000 2139 XXXIII.
1046 2080 1277 2154 Caesar,
1310 2082 1418 2139 etsi
1445 2099 1482 2139 a
1508 2080 1662 2140 bello
1699 2091 1874 2157 atque
1911 2080 2076 2140 hoste
2121 2079 2428 2140 discedere
2469 2080 2654 2140 detri-

638 2180 969 2229 mentosum
1012 2190 1138 2230 esse
1181 2173 1567 2246 existimabat,
1604 2181 1802 2231 tamen
1836 2190 1956 2232 non
2000 2173 2288 2248 ignoranS,
2321 2182 2547 2247 quanta
2581 2191 2653 2230 ex

638 2261 1093 2322 dissensionibus
1129 2263 1511 2322 incommoda
1549 2265 1681 2323 oriri
1711 2274 2110 2335 consuessent,
2139 2281 2216 2322 ne
2246 2272 2409 2322 tanta
2437 2273 2502 2322 et
2532 2274 2650 2322 tam

638 2354 952 2412 coniuncta
984 2356 1205 2430 populo
1233 2357 1510 2416 Romano
1538 2357 1758 2426 civitaS,
1787 2373 1964 2430 quam
1995 2356 2119 2431 ipse
2150 2372 2385 2430 semper
2411 2355 2650 2414 aluisset

638 2446 1025 2520 omnibusque
1063 2447 1236 2504 rebus
1278 2455 1557 2518 ornasset,
1585 2446 1664 2504 ad
1692 2446 1810 2505 vim
1839 2454 2014 2522 atque
2043 2465 2206 2504 arma
2232 2444 2646 2516 descenderet,

548 2552 576 2585 2
584 2551 611 2602 5
636 2546 812 2610 atque
842 2553 913 2594 ea
936 2554 1084 2612 paris,
1108 2555 1258 2612 quae
1288 2539 1480 2597 minus
1509 2536 1852 2610 confideret,
1876 2537 2086 2595 auxilia
2107 2555 2142 2594 a
2161 2537 2646 2612 Vercingetorige

635 2638 971 2700 arcesseret,
1002 2627 1136 2686 huic
1179 2629 1261 2686 rei
1299 2628 1786 2703 praevertendum
1826 2628 2171 2687 existimavit
2199 2638 2276 2698 et,
2307 2627 2472 2704 quod
2506 2629 2644 2704 legi-

637 2713 743 2773 bus
773 2716 1113 2776 Aeduorum
1144 2719 1226 2788 iis,
1262 2719 1363 2795 qui
1393 2738 1686 2778 summum
1726 2719 2120 2794 magistratum
2163 2719 2515 2792 obtinerent,
2547 2738 2642 2778 ex-

634 2804 847 2865 cedere
878 2827 952 2868 ex
980 2810 1190 2868 finibus
1227 2828 1350 2868 non
1388 2810 1604 2883 liceret,
1636 2828 1710 2868 ne
1742 2808 1886 2885 quid
1915 2808 1990 2867 de
2020 2810 2141 2867 iure
2171 2820 2272 2866 aut
2305 2809 2382 2868 de
2421 2810 2642 2886 legibus

630 2911 839 2958 eorum
876 2902 1227 2963 deminuisse
1256 2904 1564 2976 videretur,
1596 2905 1722 2980 ipse
1750 2904 1812 2962 in
1841 2901 2082 2962 Aeduos
2122 2903 2416 2978 proficisci
2449 2903 2641 2962 statuit

527 3000 598 3047 30
626 2999 1020 3069 senatumque
1066 3014 1303 3054 omnem
1348 3008 1408 3054 et
1449 3012 1595 3070 quos
1636 2996 1788 3054 inter
1828 2995 2224 3053 controversia
2264 3003 2420 3052 esset
2459 2993 2539 3051 ad
2581 3010 2638 3050 se

623 3069 943 3144 Decetiam
970 3089 1248 3146 evocavit.
1312 3087 1472 3147 'Cum
1497 3104 1682 3162 prope
1712 3087 1902 3145 omnis
1931 3086 2131 3144 civitas
2153 3103 2228 3143 eo
2251 3084 2635 3152 convenisset,

616 3155 1080 3254 docereturque,
1111 3179 1312 3254 paucis
1341 3179 1489 3236 clam
1519 3177 1857 3236 convocatis
1885 3177 1998 3235 alio
2027 3177 2180 3246 loco,
2211 3176 2324 3233 alio
2352 3183 2634 3249 tempore,

609 3255 803 3323 atque
834 3271 1177 3342 oportuerit,
1202 3271 1431 3328 fratrem
1460 3287 1496 3324 a
1523 3269 1691 3326 fratre
1721 3268 2131 3337 renuntiatum,
2162 3285 2296 3324 cum
2328 3265 2487 3341 leges
2516 3265 2630 3323 duo

605 3346 688 3391 ex
736 3361 865 3410 Una
907 3360 1124 3434 familia
1164 3362 1295 3418 vivo
1340 3370 1587 3434 utroque
1633 3377 1754 3417 non
1803 3358 1992 3417 solum
2043 3358 2410 3433 magistratus
2460 3356 2630 3415 creari

496 3418 569 3470 35
598 3434 1049 3519 yetareQffd
1077 3453 1250 3512 etiam
1281 3451 1341 3508 in
1368 3459 1572 3508 senatu
1609 3467 1736 3508 esse
1771 3449 2163 3524 prohiberent,
2194 3448 2415 3507 Cotum
2456 3448 2630 3524 impe·

596 3520 764 3576 num
812 3531 1124 3614 deni->nere
1168 3541 1379 3617 coegit,
1425 3540 1964 3612 Convictolitavem‚
2008 3540 2108 3615 qui
2149 3556 2256 3614 per
2299 3538 2630 3598 sacerdotes

592 3607 779 3737 {20¹0
814 3623 1071 3692 civitatis
1102 3631 1435 3691 intermissis
1465 3630 1886 3706 magistratibus
1921 3640 2074 3689 esset
2106 3639 2352 3702 creatuS‚
2383 3639 2628 3705 potesta-

664 3704 729 3747 ΥΠ
764 3703 1046 3778 Obtinere
1077 3722 1254 3779 iussit.
