2796 4207
829 248 972 301 ΜΒ.
1018 248 1059 301 1.
1103 249 1269 300 CAP.
1310 247 1658 300 xix-xxi.
2242 234 2325 298 57

228 430 412 484 suum,
465 411 562 469 cui
606 428 893 469 summam
938 410 1198 467 omnium
1228 426 1421 467 rerum
1463 410 1645 467 fidem
1686 410 1958 484 habebat,
1990 430 2126 469 cum
2156 430 2230 469 eo

175 512 186 517 '
225 502 574 577 colloquitur
593 522 610 573 3
641 501 809 559 simul
839 500 1312 571 commonefacit,
1334 518 1485 575 quae
1516 501 1645 575 ipso
1674 512 1980 576 praesente
2009 502 2071 560 in
2094 520 2231 560 con-

224 594 356 652 cilio
399 593 700 653 Gallorum
744 592 819 649 de
863 592 1226 667 Dumnorige
1270 592 1382 649 sint
1426 591 1602 663 dicta,
1648 602 1707 649 et
1762 592 2035 663 ostendit,
2078 611 2229 667 quae

225 685 533 761 separatim
563 684 808 759 quisque
839 682 915 741 de
955 700 1028 741 eo
1056 682 1214 759 apud
1249 700 1311 741 se
1342 681 1567 740 dixerit.
1656 684 1805 741 Petit
1834 694 2008 758 atque
2039 683 2227 741 horta·

222 786 330 847 tur,
374 786 440 833 ut
493 776 618 833 sine
674 775 796 833 eius
852 774 1174 832 offensione
1231 774 1410 831 animi
1464 774 1555 831 vel
1612 775 1737 849 ipse
1794 773 1869 832 de
1926 792 2000 833 eo
2056 794 2230 833 eausa
2261 796 2286 847 5

222 868 460 943 cognita
501 875 710 924 statuat
752 865 843 923 vel
884 866 1176 923 civitatem
1221 874 1470 923 statuere
1514 865 1725 923 iubeat.
2298 936 2303 943 .

301 959 429 1015 XX.
475 958 794 1015 Divitiacus
837 956 1030 1014 multis
1074 974 1210 1013 cum
1251 956 1499 1013 lacrimis
1531 956 1843 1014 Caesarem
1886 957 2227 1031 complexus

220 1049 528 1107 obsecrare
571 1048 784 1123 coepit,
815 1064 891 1104 ne
927 1046 1070 1121 quid
1111 1046 1334 1121 gravius
1364 1047 1425 1103 in
1455 1046 1683 1103 fratrem
1716 1056 2024 1123 statueret:
2070 1048 2226 1125 Scire

220 1157 301 1211 se,
332 1139 426 1196 illa
454 1156 581 1197 esse
608 1156 761 1210 vera,
791 1156 904 1195 nec
933 1155 1290 1213 quemquam
1321 1154 1398 1195 ex
1428 1154 1501 1195 eo
1529 1137 1657 1211 plus
1702 1156 1881 1212 quam
1908 1156 1971 1196 se
2006 1136 2226 1196 'doloris

220 1234 452 1311 capere,
501 1239 812 1305 propterea
867 1229 1048 1303 quod,
1097 1246 1233 1287 cum
1291 1229 1417 1303 ipse
1458 1229 1638 1303 gratia
1695 1229 2005 1303 plurimum
2063 1227 2223 1286 domi
2259 1242 2316 1278 10

193 1331 396 1397 'atque
435 1324 496 1378 in
499 1321 748 1405 reliqua
773 1320 974 1392 Gallia,
1005 1320 1096 1378 ille
1141 1320 1448 1380 minimum
1490 1330 1727 1394 propter
1768 1319 2223 1377 adulescentiam

219 1422 437 1487 posset,
466 1430 572 1487 per
612 1430 674 1469 se
715 1411 1026 1483 crevisset,
1073 1412 1282 1486 quibus
1312 1399 1523 1485 opibus
1553 1428 1623 1467 ac
1652 1412 1839 1467 nervis
1869 1427 1989 1485 non
2032 1410 2221 1469 solum

218 1502 297 1561 ad
324 1502 706 1561 minuendam
735 1502 994 1577 gratiam,
1025 1500 1130 1559 sed
1159 1519 1347 1576 paene
1378 1500 1455 1557 ad
1490 1500 1810 1575 perniciem
1840 1519 2002 1559 suam
2034 1512 2221 1560 utere-

217 1605 329 1652 tur.
435 1596 573 1653 Sese
617 1604 814 1651 tamen
857 1603 917 1651 et
957 1610 1154 1651 amore
1199 1593 1451 1650 fraterno
1494 1603 1551 1649 et
1601 1592 2025 1650 existimatione
2067 1593 2223 1669 vulgi

219 1686 596 1752 commoveri.
681 1683 863 1759 Quod
904 1685 952 1751 si
993 1682 1136 1758 quid
1178 1684 1232 1741 ei
1273 1702 1309 1741 a
1337 1684 1587 1742 Caesare
1617 1683 1855 1757 gravius
1898 1682 2221 1756 accidisset,
2257 1700 2311 1753 ¹5

221 1795 357 1834 cum
401 1777 523 1851 ipse
562 1794 698 1834 eum
742 1776 937 1834 locum
967 1775 1252 1833 amicitiae
1283 1773 1444 1849 apud
1486 1784 1620 1832 eum
1653 1775 1893 1845 teneret,
1924 1776 2219 1833 neminem

221 1867 696 1938 existimaturum,
720 1886 841 1925 non
870 1885 975 1925 sua
999 1866 1294 1925 voluntate
1316 1868 1534 1923 factum
1557 1861 1727 1965 iquua
1756 1866 2221 2013 eius-Qum,

219 1958 304 2017 uti
343 1958 520 2016 totius
550 1952 769 2017 Galliae
798 1957 975 2015 animi
1004 1976 1039 2013 a
1067 1974 1128 2014 se
1159 1966 1567 2014 averterentur.
1642 1957 1827 2021 Haec
1870 1976 2004 2015 cum
2049 1976 2089 2031 p
2111 1975 2196 2014 uri

219 2049 328 2108 bus
355 2049 546 2108 verbis
575 2049 718 2107 flens
747 2068 782 2106 a
811 2048 1060 2107 Caesare
1091 2057 1330 2122 peteret,
1363 2046 1579 2106 Caesar
1608 2044 1731 2106 eius
1760 2047 2023 2107 dextram
2051 2065 2239 2124 pren-

221 2140 308 2198 dit
327 2161 344 2212 3
375 2124 710 2199 consolatus
735 2150 918 2215 rogat,
952 2139 1129 2196 finem
1161 2138 1365 2196 orandi
1395 2139 1567 2197 faciat
1590 2161 1607 2212 5
1651 2140 1793 2197 tanti
1822 2139 1944 2197 eius
1973 2139 2132 2214 apud
2160 2157 2223 2196 se
2252 2163 2313 2200 20

220 2231 459 2306 gratiam
511 2243 638 2293 esse
693 2229 966 2301 ostendit,
1003 2229 1084 2288 uti
1134 2240 1192 2287 et
1235 2230 1589 2304 reipublicae
1640 2230 1904 2287 iniuriam
1954 2239 2012 2287 et
2056 2247 2223 2288 suum

221 2321 487 2380 dolorem
517 2323 640 2380 eius
668 2321 950 2380 voluntati
990 2339 1059 2378 ac
1098 2320 1366 2395 precibus
1396 2319 1716 2378 condonet.
1801 2320 2225 2394 Dumnorigem

220 2411 298 2470 ad
325 2431 388 2470 se
415 2418 606 2484 vocat}
637 2399 872 2471 fratrem
903 2411 1182 2500 adhibet3
1221 2429 1372 2486 quae
1401 2412 1461 2468 in
1490 2429 1565 2468 eo
1592 2409 1998 2511 reprebendat,
2029 2420 2221 2468 osten-

221 2501 342 2560 dit·
325 2547 343 2576 ,
401 2521 553 2578 quae
610 2503 734 2577 ipse
777 2503 1089 2576 intellegat,
1135 2519 1286 2576 quae
1329 2502 1529 2560 civitas
1548 2511 1867 2591 queratur,
1911 2501 2221 2577 proponit3

163 2579 180 2592 “
219 2604 441 2664 monet,
471 2604 534 2652 ut
561 2594 622 2652 in
649 2595 934 2668 leliquum
964 2603 1198 2668 ternpus
1227 2611 1435 2652 omnes
1464 2593 1823 2667 suspiciones
1850 2593 2028 2664 vitet3
2012 2609 2221 2692 prae·
2254 2611 2280 2644 2
2288 2610 2312 2661 5

217 2684 386 2742 terita
405 2701 468 2746 se
493 2685 782 2751 Divitiaco
805 2685 958 2743 fratri
973 2683 1326 2752 condonare
1343 2683 1501 2742 dicit.
1575 2683 1922 2758 Dumnorigi
1962 2711 1965 2713 Α

217 2777 404 2850 ponit,
435 2785 516 2848 ut,
548 2793 698 2852 quae
741 2786 889 2851 agat,
921 2755 1270 2850 quibuscum
1300 2775 1585 2848 loquatur,
1614 2775 1992 2940 scnffpossit.
2082 2769 2125 2870 ἶ.)

331 2973 544 3026 Caesar
552 2972 735 3042 plans
759 2987 838 3026 an
861 2973 1052 3026 attach
1077 2989 1146 3025 on
1174 2971 1264 3026 tlte
1289 2971 1563 3025 Helvetia
1614 2913 1723 3024 ¹,He
1742 2987 1793 3023 ιε
1818 2970 2027 3024 misled
2042 2970 2109 3040 by

1015 3072 1050 3106 a
1059 3053 1222 3124 salse
1246 3056 1448 3122 report.
2166 3065 2174 3072 ·

301 3187 466 3244 XXI.
511 3185 744 3244 Eodem
787 3185 882 3244 die
925 3187 999 3246 ab
1042 3186 1502 3262 exploratoribus
1548 3186 1759 3242 certior
1794 3185 1995 3254 factuS,
2026 3184 2224 3242 hostes

222 3277 332 3334 sub
371 3285 573 3334 monte
617 3275 954 3336 consedisse
997 3278 1154 3335 milia
1193 3295 1469 3352 passuum
1514 3277 1589 3334 ab
1632 3276 1809 3350 ipsius
1840 3275 2037 3332 castris
2067 3283 2221 3345 oct0,

223 3367 408 3442 qualis
449 3377 604 3426 esset
643 3377 849 3426 natura
889 3368 1104 3426 montis
1145 3377 1203 3426 et
1233 3367 1416 3443 qualis
1446 3368 1505 3425 in
1535 3367 1775 3425 circuitu
1803 3383 2094 3437 ascensuS‚
2125 3365 2226 3440 qui
2252 3385 2314 3437 30

222 3468 668 3533 cognoscerent,
715 3459 888 3517 misit.
993 3460 1413 3517 Renuntiatum
1459 3467 1564 3530 est,
1609 3457 1839 3515 facilem
1884 3473 2028 3514 esse.
2131 3456 2225 3514 De

222 3548 392 3606 tertia
438 3549 630 3626 vigilia
671 3551 870 3608 Titum
916 3550 1260 3623 Labienum,
1300 3550 1555 3625 legatum
1603 3565 1711 3622 pro
1756 3556 2042 3622 praetore,
2088 3565 2225 3604 cum

221 3639 452 3698 duabus
496 3641 820 3716 legionibus
861 3650 920 3698 et
954 3641 1036 3698 eis
1066 3639 1330 3712 ducibuS,
1362 3641 1464 3714 qui
1491 3641 1598 3697 iter
1624 3647 2039 3714 cognoverant,
2070 3656 2221 3694 sum-

222 3752 389 3791 mum
429 3733 627 3810 iugum
670 3734 884 3792 montis
927 3733 1246 3792 ascendere
1288 3734 1489 3802 iubet;
1547 3731 1690 3807 quid
1736 3731 1824 3792 sui
1866 3729 2093 3789 consilii
2135 3731 2223 3799 sit,

223 3821 500 3882 ostendit.
589 3825 722 3898 Ipse
767 3823 842 3882 de
886 3834 1088 3899 quarta
1127 3824 1316 3899 vigilia
1357 3822 1572 3882 eodem
1614 3823 1835 3894 itinere,
1867 3838 1987 3896 quo
2031 3821 2225 3879 hostes
2253 3829 2312 3880 35

2298 52 2305 60 .
2435 8 2496 13 ‘⁷
2517 6 2645 61 'NT'
2663 6 2778 71 N
