2796 4207
326 3978 355 4006 ι’

426 188 506 253 70
1062 208 1172 261 DE
1226 208 1481 263 BELLO
1534 209 1883 264 GALLICO

509 370 638 427 onis
687 368 866 427 dixit:
925 370 1072 444 plus,
1123 388 1299 444 quam
1355 370 1645 445 pollicitus
1702 382 1869 442 esset,
1922 374 2235 430 Caesarem
2286 373 2513 431 facere:

509 460 846 535 pollicitum,
879 478 940 517 se
970 461 1029 517 in
1058 461 1313 518 cohortis
1350 462 1673 536 praetoriae
1712 462 1846 520 loco
1888 461 2183 521 decimam
2224 463 2517 539 legionem

509 550 854 623 habiturum,
885 550 963 609 ad
989 569 1206 625 equum
1235 553 1569 611 rescribere.

765 734 909 805 They
934 743 1114 799 meet,·
1157 736 1368 790 Cacsar
1385 738 1604 805 speaks.
1678 738 2020 792 Ariovistus
2045 739 2263 809 replies.

585 856 812 915 XLIII.
858 856 1129 915 Planities
1156 866 1278 915 erat
1305 874 1517 932 magna
1538 869 1597 916 et
1624 858 1685 915 in
1713 876 1783 915 ea
1810 859 2065 917 tumulus
2094 869 2351 918 terrenus
2380 861 2516 918 satis

455 954 480 1006 5
507 946 759 1022 grandiS.
845 948 966 1004 Hic
1006 947 1170 1006 locus
1212 965 1404 1022 aequo
1447 948 1567 1005 fere
1604 949 1791 1023 spatio
1826 950 1901 1007 ab
1929 951 2128 1007 castris
2158 951 2427 1008 Ariovisti
2458 961 2517 1008 et

508 1038 772 1096 Caesaris
800 1039 1016 1097 aberat.
1088 1040 1198 1109 Eo,
1222 1048 1286 1096 ut
1312 1048 1435 1095 erat
1462 1038 1704 1111 dictum,
1732 1039 1810 1097 ad
1836 1040 2193 1115 colloquium
2214 1052 2515 1099 venerunt.

511 1130 828 1203 Legionem
867 1128 1102 1201 Caesar,
1142 1146 1318 1203 quam
1360 1130 1527 1204 equis
1569 1129 1898 1204 devexerat,
1942 1132 2205 1206 passibus
2248 1131 2517 1189 ducentis

507 1219 582 1278 ab
624 1237 698 1278 eo
739 1220 963 1277 tumulo
1005 1221 1320 1279 constituit.
1408 1221 1561 1279 Item
1602 1222 1829 1296 equites
1866 1223 2135 1281 Ariovisti
2176 1224 2299 1298 pari
2342 1223 2514 1280 inter-

422 1344 441 1360 κ
507 1310 656 1368 vallo
698 1310 1097 1369 constiterunt.
1181 1311 1517 1382 Ariovistus,
1548 1329 1622 1369 ex
1650 1314 1815 1388 equis
1850 1323 1914 1371 ut
1957 1313 2424 1388 colloquerentur
2458 1323 2517 1370 et

421 1418 492 1463 ro?
506 1410 735 1475 praeter
781 1418 843 1458 se
890 1400 1078 1459 denos
1121 1412 1184 1459 ut
1228 1401 1307 1459 ad
1349 1403 1707 1478 colloquium
1760 1402 2140 1475 adducerent,
2186 1404 2512 1478 postulavit.

475 1483 626 1550 ³Ubi
655 1509 729 1549 eo
756 1502 996 1550 ventum
1025 1502 1129 1563 est,
1160 1492 1376 1551 Caesar
1416 1494 1581 1553 initio
1623 1495 1901 1552 orationis
1943 1513 2047 1552 sua
2075 1505 2425 1569 senatusque
2456 1495 2516 1551 in

508 1600 644 1640 eum
688 1583 978 1641 beneficia
1022 1585 1521 1656 commemoravit,
1568 1583 1730 1660 quod
1772 1603 1875 1642 rex
1917 1585 2238 1659 appellatus
2286 1595 2438 1642 esset
2482 1604 2517 1642 a

507 1683 730 1746 senatu,
759 1674 923 1749 quod
950 1674 1190 1746 amicuS,
1221 1674 1384 1748 quod
1412 1693 1655 1732 munera
1690 1675 2043 1750 amplissime
2080 1676 2255 1733 missa
2277 1696 2292 1747 3
2338 1694 2515 1750 quain

507 1782 630 1823 rem
661 1776 719 1823 et
745 1766 947 1841 paucis
975 1765 1286 1840 contigisse
1316 1776 1374 1823 et
1402 1783 1510 1840 pro
1540 1767 1763 1841 magnis
1792 1766 2097 1823 hominum
2138 1766 2343 1823 officiis
2378 1784 2517 1823 con-

426 1875 443 1909 ι
456 1874 482 1926 5
508 1872 704 1916 suesse
727 1858 897 1915 tribui
919 1856 1205 1929 docebat3
1240 1856 1419 1928 illum,
1442 1875 1579 1914 cum
1601 1875 1794 1931 neque
1816 1856 2040 1914 aditum
2061 1875 2255 1931 neque
2278 1876 2516 1915 causam

508 1947 841 2023 postulandi
896 1948 1105 2005 iustam
1158 1947 1417 2018 haberet,
1467 1947 1757 2006 beneficio
1802 1966 1871 2004 ac
1917 1947 2252 2005 liberalitate
2298 1966 2402 2006 sua
2447 1965 2516 2005 ac

509 2048 742 2097 senatus
797 2056 870 2097 ea
927 2038 1187 2115 praemia
1245 2048 1648 2097 consecutum.
1761 2038 2031 2097 Docebat
2086 2038 2282 2111 etiam,
2338 2056 2515 2114 quam

507 2141 731 2190 veteres
795 2149 1092 2207 quamque
1155 2131 1337 2188 iustae
1401 2147 1610 2188 causae
1671 2129 2117 2188 necessitudinis
2178 2131 2317 2205 ipsis
2378 2149 2517 2188 cum

509 2221 729 2280 Aeduis
769 2221 1217 2292 intercederent,
1262 2238 1414 2296 quae
1454 2219 1956 2280 senatusconsulta
1998 2221 2269 2294 quotiens
2311 2238 2515 2295 quam-

422 2339 484 2374 20
509 2333 624 2390 que
673 2313 996 2372 honorifica
1035 2314 1094 2370 in
1137 2330 1240 2371 eos
1280 2313 1431 2370 facta
1471 2321 1682 2382 essent,
1726 2320 1791 2369 ut
1831 2312 1991 2368 omni
2034 2320 2299 2386 tempore
2341 2312 2518 2369 totius

511 2405 732 2464 Galliae
787 2405 1177 2480 principatum
1233 2402 1426 2460 Aedui
1479 2403 1821 2471 tenuissent,
1882 2403 2039 2477 prius
2095 2403 2289 2474 etiam,
2340 2420 2517 2476 quam

508 2506 766 2554 nostram
813 2495 1128 2554 amicitiam
1176 2495 1553 2569 appetissent.
1638 2493 1846 2568 Populi
1889 2493 2142 2550 Romani
2192 2493 2343 2550 hanc
2389 2511 2517 2552 esse

509 2586 1018 2657 consuetudinem,
1047 2594 1114 2643 ut
1145 2585 1337 2643 socios
1378 2593 1555 2659 atque
1596 2585 1818 2642 amicos
1858 2599 1981 2644 non
2024 2582 2205 2641 modo
2249 2585 2336 2641 sui
2377 2585 2521 2643 nihil

509 2677 853 2753 deperdere,
883 2675 990 2736 sed
1024 2676 1224 2752 gratia,
1253 2670 1554 2750 dignitate,
1585 2674 1808 2732 honore
1849 2675 2136 2732 auctiores
2172 2675 2308 2732 velit
2349 2692 2476 2732 esse
2501 2695 2518 2746 3

423 2801 482 2854 ²5
509 2769 672 2845 quod
716 2786 853 2827 vero
901 2767 977 2826 ad
1022 2767 1334 2825 amicitiam
1386 2765 1590 2840 populi
1640 2765 1896 2823 Romani
1946 2765 2287 2836 attulissent,
2331 2764 2393 2823 id
2436 2766 2520 2823 eis

509 2861 653 2936 eripi
681 2861 810 2936 quis
839 2859 959 2936 pati
986 2859 1226 2934 posset?
1294 2857 1609 2916 Postulavit
1637 2855 1853 2915 deinde
1884 2855 2112 2928 eadem,
2137 2875 2287 2931 quae
2316 2857 2521 2932 legatis

509 2952 570 3008 in
613 2949 900 3009 mandatis
942 2948 1219 3007 dederat:
1279 2965 1353 3006 ne
1397 2957 1496 3006 aut
1537 2946 1759 3006 Aeduis
1800 2957 1901 3005 aut
1942 2964 2147 3004 eorum
2182 2948 2355 3005 sociis
2396 2947 2520 3005 bel-

509 3042 629 3099 lum
658 3042 927 3112 inferret3
971 3038 1207 3098 obsides
1245 3036 1559 3112 redderet3
1602 3039 1650 3096 si
1683 3037 1898 3096 nullam
1936 3047 2161 3112 partem
2192 3038 2517 3096 Germano·

509 3151 636 3190 rum
680 3131 924 3191 domum
966 3131 1257 3189 remittere
1299 3139 1518 3205 posset,
1557 3138 1616 3187 at
1648 3147 1724 3188 ne
1768 3147 1915 3204 quos
1952 3129 2201 3206 amplius
2239 3129 2519 3188 Rhenum

431 3249 484 3300 30
509 3224 746 3282 transire
775 3231 1086 3297 pateretur.

588 3313 799 3372 XLIV.
844 3312 1160 3370 Ariovistus
1202 3310 1278 3370 ad
1320 3310 1611 3387 postulata
1652 3311 1916 3370 Caesaris
1960 3329 2149 3386 pauca
2190 3310 2515 3386 respondit,

509 3405 587 3463 de
617 3404 732 3462 suis
758 3402 1061 3461 virtutibus
1099 3402 1280 3460 multa
1316 3401 1707 3477 praedicavit:
1751 3403 2051 3460 Transisse
2080 3401 2359 3460 Rhenum
2388 3419 2517 3460 sese

508 3513 630 3553 non
658 3513 762 3552 sua
789 3503 1019 3569 sponte,
1043 3493 1150 3552 sed
1176 3503 1444 3569 rogatum
1473 3503 1532 3550 et
1559 3494 1897 3551 arcessitum
1921 3512 1958 3551 a
1978 3493 2159 3552 Gallis
2181 3514 2197 3565 3
2241 3511 2365 3551 non
2391 3494 2518 3551 sine

508 3603 721 3660 magna
747 3601 864 3659 spe·
885 3584 1225 3659 magnisque
1263 3583 1535 3659 praemiis
1579 3582 1824 3642 domum
1866 3584 2345 3659 propinquosque
2386 3583 2515 3641 reli-

509 3676 742 3751 quisse3
792 3674 963 3733 sedes
1011 3675 1225 3733 habere
1269 3675 1325 3731 in
1371 3674 1560 3731 Gallia
1603 3675 1677 3732 ab
1722 3675 1859 3750 ipsis
1906 3692 2235 3746 concessaS,
2281 3673 2519 3734 obsides

504 3769 766 3841 ipsorum
793 3766 1086 3824 voluntate
1117 3764 1285 3824 datos
1307 3785 1324 3838 5
1369 3764 1725 3839 stipendium
1764 3783 1974 3841 capere
2018 3765 2138 3823 iure
2168 3765 2321 3836 belli,
2352 3765 2517 3839 quod

362 3845 502 3964 s
