2796 4207
456 224 581 291 196
1094 244 1203 298 DE
1254 244 1509 299 BELLo
1561 244 1906 298 GALLico

542 404 961 481 madvertisset‚
998 418 1342 485 perpetuam
1388 424 1516 466 esse
1559 405 1854 483 paludem,
1887 425 2038 483 quae
2070 408 2334 467 influeret
2361 410 2421 467 in
2449 411 2551 469 Se·

542 516 797 575 quanam
825 507 1001 576 atque
1031 498 1191 557 illum
1219 515 1462 557 omnem
1489 497 1687 557 locum
1715 515 2074 575 magnopere
2102 498 2430 575 impediret,
2455 500 2556 557 hic

542 588 811 650 consedit
838 598 1188 664 nostrosque
1215 589 1454 647 transitu
1485 588 1794 664 probibere
1823 588 2085 647 instituit.

623 679 845 740 LVIII.
895 680 1187 739 Labienus
1207 680 1400 755 primo
1421 680 1619 738 vineas
1640 697 1830 756 agere,
1853 679 2109 739 cratibus
2137 688 2314 756 atque
2343 698 2559 757 aggere

488 788 517 843 5
542 769 819 847 paludem
848 770 1082 848 explere
1110 778 1285 846 atque
1314 770 1426 828 iter
1451 769 1676 829 munire
1717 770 2056 829 conabatur.
2141 772 2476 847 Postquam·
2494 768 2558 830 id

541 859 831 921 difficilius
871 861 1115 921 confieri
1152 859 1577 933 animadvertit,
1607 860 1836 919 silentio
1865 878 1900 920 e
1929 861 2130 920 castris
2167 862 2338 921 tertia
2365 862 2564 939 vigilia

542 968 805 1028 egressus
846 950 1081 1024 eodem,
1117 969 1239 1028 quo
1275 960 1534 1024 venerat,
1576 950 1780 1010 itinere
1825 950 2226 1011 Metiosedum
2267 954 2557 1028 pervenit.

545 1041 619 1102 Id
664 1053 753 1103 est
799 1041 1088 1119 oppidum
1132 1043 1452 1114 Senonum,
1495 1042 1557 1101 in
1597 1041 1784 1101 insula
1821 1042 2127 1117 Sequanae
2167 1044 2449 1119 positum,
2493 1055 2560 1102 ut

543 1133 719 1209 paulo
758 1143 895 1192 ante
935 1133 1011 1194 de
1054 1134 1285 1193 Lutetia
1324 1131 1597 1192 diximus.
1682 1133 2002 1209 Deprensis
2041 1134 2283 1193 navibus
2327 1134 2564 1193 circiter

459 1240 519 1277 10
542 1223 965 1299 quinquaginta
1010 1223 1392 1300 celeriterque
1439 1222 1769 1281 coniunctis
1808 1233 1985 1299 atque
2027 1241 2102 1282 eo
2145 1224 2426 1283 militibus
2469 1225 2556 1283 in-

542 1314 707 1373 iectis
754 1324 815 1373 et
859 1315 941 1373 rei
992 1315 1247 1374 novitate
1296 1313 1610 1391 perterritis
1659 1313 1990 1389 oppidanis,
2037 1332 2288 1391 quorum
2339 1334 2558 1391 magna

542 1422 675 1481 pars
702 1414 825 1463 erat
851 1404 928 1463 ad
958 1404 1175 1463 bellum
1204 1413 1465 1476 evocata,
1495 1404 1620 1463 sine
1649 1405 2030 1463 contentione
2057 1403 2286 1481 oppido
2314 1407 2557 1481 potitur.

544 1495 795 1555 Refecto
821 1506 1022 1571 ponte,
1052 1512 1233 1572 quem
1261 1494 1654 1570 superioribus
1693 1493 1901 1553 diebus
1941 1495 2138 1555 hostes
2178 1495 2561 1567 rescideram,

543 1585 860 1645 exercitum
889 1584 1141 1644 traducit
1168 1595 1227 1644 et
1254 1584 1521 1644 secundo
1549 1584 1788 1643 flumine
1817 1584 1894 1643 ad
1919 1585 2208 1644 Lutetiam
2232 1587 2340 1645 iter
2361 1588 2558 1645 facere

460 1698 520 1754 15
544 1676 759 1751 coepit.
844 1676 1065 1735 Hostes
1108 1692 1171 1734 re
1219 1676 1458 1751 cognita
1495 1675 1574 1734 ab
1613 1675 1700 1748 iis,
1743 1676 1840 1751 qui
1887 1675 2224 1735 Metiosedo
2269 1676 2557 1754 fugerant,

546 1766 837 1825 Lutetiam
864 1765 1102 1827 incendi
1122 1776 1454 1843 pontesque
1482 1765 1608 1825 eius
1634 1764 1842 1842 oppidi
1868 1764 2124 1825 rescindi
2150 1766 2396 1840 iubent;
2443 1768 2555 1844 ipsi

545 1856 792 1933 profecti
818 1875 857 1915 a
882 1855 1097 1934 palude
1126 1856 1204 1915 ad
1224 1858 1377 1933 ripas
1398 1857 1704 1933 Sequanae
1732 1874 1767 1916 e
1794 1857 2032 1933 regione
2059 1857 2324 1916 Lutetiae
2348 1859 2558 1917 contra

548 1947 789 2007 Labieni
816 1958 1005 2006 castra
1030 1946 1367 2007 considunt.

627 2039 782 2097 LIX.
828 2038 957 2097 Iam
990 2038 1206 2099 Caesar
1245 2056 1282 2096 a
1320 2037 1614 2116 Gergovia
1653 2036 1990 2097 discessisse
2030 2036 2391 2112 audiebatur,
2441 2040 2559 2097 iam

460 2147 521 2184 20
545 2129 622 2188 de
651 2128 991 2188 Aeduorum
1034 2129 1368 2189 defectione
1411 2140 1472 2188 et
1513 2128 1781 2189 secundo
1816 2129 2040 2190 Galliae
2083 2139 2250 2189 motu
2291 2148 2558 2190 rumores

546 2221 949 2294 afferebantur,
1000 2222 1270 2299 Gallique
1326 2222 1387 2281 in
1441 2222 1750 2298 colloquiis
1804 2222 2180 2303 interclusum
2237 2221 2446 2281 itinere
2503 2232 2563 2282 et

548 2313 738 2390 Ligeri
758 2312 1074 2372 Caesarem
1101 2312 1301 2389 inopia
1329 2312 1604 2394 frumenti
1632 2322 1906 2372 coactum
1935 2313 1995 2371 in
2023 2313 2388 2388 provinciam
2417 2331 2561 2373 con·

546 2403 801 2463 tendisse
844 2403 1287 2463 confirmabant.
1376 2403 1668 2462 Bellovaci
1709 2413 1908 2463 autem
1947 2402 2280 2463 defectione
2309 2402 2554 2464 Aeduo-

545 2513 675 2554 rum
702 2494 954 2570 cognita,
978 2493 1079 2570 qui
1108 2494 1224 2552 iam
1244 2503 1381 2553 ante
1402 2503 1569 2554 erant
1589 2511 1693 2570 per
1713 2512 1776 2554 se
1798 2494 2082 2568 infideles,
2102 2512 2312 2554 manus
2341 2513 2558 2574 cogere

460 2610 489 2646 2
492 2608 523 2662 5
547 2595 721 2661 atque
749 2595 949 2660 aperte
978 2585 1193 2644 bellum
1222 2602 1425 2662 parare
1463 2596 1804 2662 coeperunt.
1886 2586 2044 2646 Tum
2074 2587 2368 2648 Labienus
2397 2597 2562 2648 tanta

545 2695 738 2735 rerum
766 2676 1227 2735 commutatione
1261 2676 1436 2753 longe
1473 2675 1634 2736 aliud
1675 2677 1785 2736 sibi
1827 2677 2183 2755 capiendum
2225 2679 2558 2750 consilium,

545 2777 721 2843 atque
764 2775 937 2825 antea
976 2776 1251 2838 senserat,
1282 2767 1672 2845 intellegebat,
1702 2785 1896 2845 neque
1927 2769 2060 2843 iam,
2092 2778 2155 2827 ut
2195 2769 2417 2846 aliquid
2459 2789 2554 2829 ae-

546 2858 799 2934 quireret
839 2857 1180 2933 proelioque
1223 2858 1422 2916 hostes
1464 2858 1790 2933 lacesseret,
1820 2858 1927 2919 sed
1966 2869 2031 2918 ut
2067 2859 2428 2919 incolumem
2457 2879 2554 2920 ex-

546 2949 791 3007 ercitum
820 2946 1190 3024 Agedincum
1222 2946 1549 3022 reduceret,
1579 2950 1888 3025 cogitabat.
1974 2951 2248 3026 Namque
2278 2950 2458 3010 altera
2485 2969 2556 3008 ex

458 3073 521 3126 30
545 3049 709 3117 parte
740 3039 1048 3111 Bellovaci,
1079 3056 1229 3115 quae
1258 3038 1462 3098 civitas
1488 3039 1550 3098 in
1578 3040 1768 3101 Gallia
1795 3041 2109 3101 maximam
2149 3041 2325 3102 habet
2367 3042 2552 3119 opini-

546 3149 726 3192 onem
762 3130 1001 3204 virtutis,
1044 3130 1356 3203 instabant,
1384 3130 1626 3190 alteram
1652 3132 2089 3210 Camulogenus
2130 3142 2336 3210 parato
2376 3144 2550 3210 atque

547 3223 827 3282 instructo
870 3221 1127 3281 exercitu
1174 3222 1451 3296 tenebat3
1502 3231 1626 3280 tum
1667 3222 1926 3298 legiones
1965 3242 2004 3282 a
2041 3223 2335 3299 praesidio
2378 3233 2552 3301 atque

548 3312 984 3390 impedimentis
1012 3313 1351 3373 interclusas
1379 3313 1702 3373 maximum
1723 3313 1940 3373 flumen
1962 3314 2290 3374 distinebat.
2351 3315 2550 3374 Tantis

548 3405 739 3465 subito
768 3402 1201 3464 difficultatibus
1227 3404 1476 3464 obiectis
1501 3403 1578 3464 ab
1605 3403 1783 3462 animi
1812 3405 2018 3463 virtute
2047 3405 2322 3463 auxilium
2357 3414 2550 3480 peten-

458 3519 522 3572 35
548 3497 691 3558 dum
720 3495 974 3556 videbat.
2359 3549 2364 3553 ,

629 3588 754 3646 LX.
798 3586 919 3646 Sub
959 3605 1267 3663 vesperum
1310 3587 1556 3647 consilio
1597 3597 1944 3660 convocat0,
1973 3585 2330 3660 cohortatus,
2359 3597 2426 3648 ut
2464 3606 2544 3658 ea,

549 3693 699 3750 quae
722 3677 1079 3751 imperasset,
1102 3675 1410 3751 diligenter
1428 3676 1826 3754 industrieque
1847 3677 2332 3751 administrarent,
2357 3695 2542 3748 naveS,

550 3783 695 3838 quas
725 3764 1061 3823 Metiosedo
1102 3764 1445 3838 deduxerat,
1475 3767 1730 3842 singulas
1759 3768 2052 3843 equitibus
2082 3770 2369 3829 Romanis
2397 3770 2542 3829 attri-
