2796 4207
743 254 891 309 LIB.
932 253 1071 309 VII.
1118 253 1287 307 CAP.
1338 250 1842 306 LXXI-LXXIV.
2230 234 2356 300 208

248 440 351 483 eas
393 440 665 500 aggerem
706 439 777 480 ac
804 420 1015 480 vallum
1052 437 1137 480 xn
1177 420 1402 497 pedum
1443 420 1736 479 exstruxit.
1822 420 1987 479 Huic
2027 418 2266 481 loricam

246 515 577 591 pinnasque
617 510 848 587 adiecit,
882 511 1197 589 grandibus
1227 513 1412 570 cervis
1453 510 1844 570 eminentibus
1873 510 1952 569 ad
1991 512 2265 571 commis·

247 622 411 665 suras
448 604 778 681 pluteorum
806 614 995 681 ,atque
1021 604 1263 681 agger1s,
1293 604 1393 679 qui
1431 620 1741 661 ascensum
1777 602 2032 661 hostium
2072 602 2261 662 tarda-

244 706 398 768 rent,
427 705 488 755 et
513 705 696 755 turres
725 703 851 754 toto
879 712 1059 771 opere
1088 692 1494 766 circumdedit,
1525 710 1675 769 quae
1704 692 1890 770 pedes
1923 710 2088 753 Lxxx
2117 694 2268 753 inter

246 804 314 848 se
344 786 645 845 distarent.
2295 806 2324 859 5

329 877 611 937 LXXIII.
657 877 795 935 Erat
843 875 1060 936 eodem
1105 885 1369 951 ternpore
1407 885 1469 934 et
1505 875 1791 933 materiari
1829 884 1890 934 et
1928 875 2264 934 frumentari

244 978 309 1027 et
355 977 543 1027 tantas
592 967 945 1027 munitiones
992 965 1117 1025 fieri
1156 983 1400 1025 necesse
1443 964 1759 1024 deminutis
1797 964 2007 1024 nostris
2055 966 2260 1042 copiiS,

246 1076 402 1135 quae
447 1058 671 1133 longius
718 1058 795 1117 ab
839 1058 1039 1117 castris
1082 1055 1640 1134 progrediebantur3
1697 1074 1768 1114 ac
1818 1073 2261 1132 nonnumquam

246 1166 430 1226 opera
484 1157 682 1207 nostra
734 1148 884 1209 Galli
934 1158 1217 1224 temptare
1262 1157 1440 1223 atque
1491 1147 1858 1222 eruptionem
1915 1164 1988 1205 ex
2037 1145 2263 1223 oppido

246 1240 507 1317 pluribus
569 1230 751 1315 portis
804 1257 1034 1298 summa
1087 1240 1142 1297 vi
1196 1238 1387 1297 facere
1444 1238 1821 1297 conabantur.
1933 1236 2132 1314 Quare
2187 1236 2264 1296 ad
2298 1265 2355 1303 10

247 1332 398 1391 haec
444 1348 636 1389 rursus
684 1348 865 1406 opera
918 1328 1261 1388 addendum
1316 1329 1534 1389 Caesar
1580 1328 1819 1403 putavit,
1869 1346 1990 1405 quo
2038 1329 2263 1389 minore

246 1439 495 1481 numero
537 1421 780 1480 militum
824 1419 1174 1479 munitiones
1220 1418 1461 1480 defendi
1509 1429 1767 1496 possent.
1853 1420 2060 1496 Itaque
2107 1429 2262 1478 trun-

248 1514 335 1573 cis
390 1512 661 1571 arborum
716 1510 1040 1570 admodum
1088 1510 1267 1569 firmis
1321 1510 1494 1569 ramis
1543 1510 1783 1571 abscisis
1829 1520 2004 1586 atque
2055 1511 2264 1569 horum

249 1602 543 1663 delibratis
578 1620 648 1661 ac
688 1602 1011 1677 praeacutis
1040 1601 1442 1661 cacuminibus
1482 1612 1801 1678 perpetuae
1829 1601 2020 1661 fossae
2050 1601 2260 1677 quinos

248 1693 435 1771 pedes
477 1694 626 1752 altae
668 1692 1049 1753 ducebantur.
1134 1694 1276 1751 Huc
1318 1693 1396 1751 illi
1437 1692 1661 1769 stipites
1689 1691 1926 1751 demissi
1968 1703 2030 1751 et
2061 1693 2136 1752 ab
2177 1692 2264 1750 in·
2299 1714 2354 1768 15

248 1786 391 1844 fimo
419 1784 680 1856 revincti,
709 1801 784 1843 ne
825 1784 1018 1843 revelli
1047 1794 1305 1860 possent,
1334 1784 1411 1844 ab
1443 1784 1617 1842 ramis
1646 1783 1998 1843 eminebant.
2086 1783 2266 1859 Quini

250 1886 415 1935 erant
463 1874 698 1934 ordines
741 1874 1044 1934 coniuncti
1084 1875 1238 1934 inter
1280 1893 1344 1935 se
1392 1885 1568 1951 atque
1618 1876 1936 1951 implicati3
1994 1893 2116 1951 quo
2165 1875 2266 1951 qui

248 1969 616 2038 intraverant,
646 1984 707 2025 se
736 1966 846 2042 ipsi
886 1966 1231 2025 acutissimis
1258 1966 1418 2026 vallis
1459 1966 1800 2027 induebant.
1887 1968 2021 2025 Hos
2057 1966 2265 2042 cippos

247 2058 641 2136 appellabant.
728 2061 883 2118 Ante
924 2077 1074 2136 quos
1121 2058 1372 2135 obliquis
1415 2057 1717 2120 ordinibus
1760 2060 1818 2118 in
1869 2058 2265 2135 quincuncem

249 2150 546 2228 dispositis
586 2152 824 2210 scrobes
851 2161 967 2210 tres
995 2151 1055 2210 in
1096 2151 1462 2210 altitudinem
1502 2151 1687 2228 pedes
1725 2150 2096 2233 fodiebantur
2122 2169 2262 2226 pau·
2295 2177 2356 2214 20

246 2243 411 2302 latim
458 2243 789 2318 angustiore
829 2242 905 2302 ad
955 2243 1220 2302 infimum
1268 2243 1514 2319 fastigio.
1601 2245 1742 2302 Huc
1788 2252 2000 2302 teretes
2042 2243 2266 2319 stipites

248 2332 482 2392 feminis
537 2332 916 2393 crassitudine
970 2335 1046 2394 ab
1100 2352 1332 2393 summo
1388 2334 1686 2410 praeacuti
1741 2343 1802 2392 et
1855 2334 2110 2410 praeusti
2164 2334 2264 2392 de-

249 2424 629 2483 mittebantur
682 2425 777 2500 ita,
834 2434 898 2483 ut
952 2443 1074 2484 non
1122 2425 1368 2500 amplius
1425 2425 1618 2502 digitis
1673 2434 1947 2501 quattuor
1995 2442 2071 2483 ex
2119 2433 2269 2482 terra

249 2515 577 2574 eminerent
592 2535 610 2589 3
672 2515 843 2573 simul
896 2515 1283 2574 confirmandi
1328 2526 1390 2575 et
1444 2514 1771 2576 stabiliendi
1829 2534 2007 2573 causa
2061 2514 2268 2590 singuli

248 2606 327 2664 ab
353 2605 559 2665 infimo
588 2604 713 2664 solo
754 2604 939 2680 pedes
965 2615 1116 2664 terra
1156 2606 1645 2680 exculcabantur;
1688 2605 1910 2680 reliqua
1951 2622 2084 2680 pars
2113 2623 2266 2663 scro—
2297 2624 2356 2676 25

248 2696 341 2756 bis
368 2695 447 2755 ad
480 2695 857 2770 occultandas
885 2696 1123 2756 insidias
1152 2697 1460 2758 viminibus
1490 2717 1560 2756 ac
1588 2697 1842 2773 virgultis
1885 2696 2266 2772 integebatur.

250 2786 451 2846 Huius
477 2787 705 2863 generis
743 2788 945 2846 octoni
973 2787 1210 2847 ordines
1240 2787 1403 2847 ducti
1441 2798 1636 2847 ternos
1666 2789 1816 2846 inter
1843 2805 1906 2846 se
1935 2785 2121 2862 pedes
2149 2785 2263 2845 dis-

250 2877 471 2936 tabant.
558 2877 631 2936 Id
673 2896 747 2936 ex
787 2877 1163 2937 similitudine
1204 2877 1357 2938 floris
1398 2879 1580 2937 lilium
1622 2878 2012 2954 appellabant.
2112 2879 2266 2935 Ante

250 2967 400 3027 haec
428 2967 612 3026 taleae
642 2967 859 3044 pedem
889 2968 1094 3044 longae
1124 2968 1319 3028 ferreis
1350 2969 1535 3027 hamis
1564 2969 1753 3028 infixis
1782 2977 1941 3026 totae
1971 2967 2032 3024 in
2059 2976 2268 3025 terram

249 3057 683 3117 infodiebantur
705 3057 1215 3135 mediocribusque
1236 3059 1572 3118 intermissis
1595 3059 1794 3136 spatiis
1822 3057 2095 3118 omnibus
2123 3056 2267 3116 locis
2300 3088 2357 3139 30

250 3147 699 3221 disserebantur,
730 3157 879 3226 quos
910 3150 1173 3208 stimulos
1202 3150 1602 3210 nominabant.

333 3240 599 3298 LXXIV.
646 3241 759 3298 His
788 3241 960 3298 rebus
994 3241 1281 3317 perfectis,
1314 3241 1581 3317 regiones
1605 3251 1838 3299 secutus
1867 3257 2046 3314 quam
2072 3237 2266 3313 potuit

250 3330 629 3406 aequissimas
646 3347 753 3406 pro
772 3330 885 3388 loci
904 3340 1124 3403 natura,
1143 3349 1245 3391 xw
1265 3333 1420 3390 milia
1439 3349 1712 3408 passuum
1731 3331 2074 3405 complexus
2099 3345 2268 3404 pares

250 3419 517 3480 eiusdem
537 3422 765 3497 generis
794 3422 1164 3494 munitioneS,
1185 3421 1440 3482 diversas
1461 3423 1536 3483 ab
1556 3423 1664 3494 his,
1687 3432 1892 3482 contra
1920 3420 2266 3480 exteriorem

250 3510 483 3572 hostem
512 3511 769 3587 perfecit,
800 3522 867 3571 ut
894 3530 969 3572 ne
1000 3531 1212 3590 magna
1240 3514 1480 3590 quidem
1510 3513 1899 3585 multitudine,
1929 3512 1977 3571 si
2005 3513 2086 3570 ita
2111 3509 2265 3571 acci·
2296 3545 2356 3599 35

250 3601 372 3675 dat,
396 3603 521 3662 eius
550 3601 810 3662 discessu
840 3603 1231 3664 munitionum
1258 3604 1550 3682 praesidia
1575 3602 1962 3663 circumfundi
1989 3609 2267 3679 possent3

250 3709 323 3751 ac
349 3710 427 3751 ne
456 3710 593 3752 cum
627 3693 889 3769 periculo
918 3712 992 3754 ex
1032 3697 1231 3756 castris
1272 3694 1473 3773 egredi
1499 3705 1756 3773 cogatur,
1786 3695 2014 3755 dierum
2041 3691 2272 3768 triginta

251 3782 531 3859 pabulum
559 3784 1029 3863 frumentumque
1071 3786 1285 3848 habere
1327 3805 1535 3847 omnes
1577 3795 1926 3846 convectum
1953 3783 2132 3842 iubet.
