2796 4207
941 742 1722 820 COMMENTARIUS
1788 756 2181 823 SEXTUS.

589 1114 638 1167 C
632 1130 813 1181 aesar,
842 1114 1165 1186 increasing
1182 1114 1275 1169 his
1280 1119 1489 1187 forces,
1514 1117 1753 1171 subdues
1777 1118 2006 1173 several
2025 1120 2321 1175 rebellious
2345 1122 2541 1177 tribes-

633 1238 683 1298 Ι.
727 1238 961 1297 Mums
1002 1237 1079 1297 de
1121 1240 1308 1299 causis
1351 1241 1568 1300 Caesar
1605 1242 1886 1301 maiorem
1923 1244 2145 1303 Galliae
2188 1256 2420 1305 motum
2465 1266 2572 1307 ex-

551 1337 822 1403 spectans
863 1347 969 1404 per
1010 1331 1278 1389 Marcum
1322 1332 1599 1405 Silanum,
1639 1334 1852 1392 Gaium
1882 1335 2196 1394 Antistium
2243 1338 2570 1413 Reginum,

548 1420 744 1477 Titum
789 1420 1046 1479 Sextium
1089 1421 1309 1497 legatos
1350 1420 1646 1480 delectum
1690 1422 1902 1483 habere
1945 1424 2230 1501 instituit;
2278 1430 2448 1487 simul
2493 1432 2574 1490 ab

552 1511 725 1569 Gneo
772 1512 1059 1586 Pompeio
1102 1513 1452 1587 proconsule
1501 1514 1666 1588 petit,
1717 1516 1996 1588 quoniam
2049 1518 2174 1594 ipse
2229 1519 2308 1577 ad
2357 1521 2571 1580 urbem

496 1631 524 1683 5
551 1620 686 1659 curn
722 1602 968 1677 imperio
1011 1603 1361 1678 reipublicae
1396 1622 1574 1662 causa
1600 1616 1945 1681 remaneret,
1977 1626 2129 1684 quos
2159 1628 2234 1669 ex
2266 1612 2573 1688 Cisalpina
2667 1670 2673 1675 .
2713 1652 2716 1659 -

552 1692 739 1750 Gallia
779 1694 1032 1751 consulis
1073 1704 1440 1752 sacramento
1480 1696 1812 1771 rogavisset,
1845 1696 1923 1755 ad
1959 1699 2124 1775 signa
2159 1704 2478 1761 convenire
2509 1714 2573 1761 et

548 1781 629 1841 ad
672 1800 734 1841 se
779 1783 1071 1858 proficisci
1110 1784 1352 1857 iuberet,
1395 1786 1592 1861 magni
1633 1786 1910 1846 interesse
1954 1790 2130 1849 etiam
2172 1792 2232 1849 in
2272 1793 2570 1869 reliquum

550 1883 782 1949 tempus
810 1873 887 1931 ad
915 1875 1257 1950 opinionem
1280 1876 1501 1934 Galliae
1531 1877 1885 1949 existimanS,
1914 1890 2101 1941 tantas
2133 1883 2315 1941 videri
2360 1885 2569 1945 Italiae

550 1964 866 2037 facultates,
897 1976 979 2038 ut,
1008 1966 1053 2023 si
1084 1965 1228 2041 quid
1256 1976 1410 2025 esset
1437 1968 1496 2025 in
1525 1968 1679 2027 bello
1712 1970 2047 2031 detrimenti
2078 1986 2411 2050 acceptum,
2442 1996 2569 2035 non

466 2076 525 2114 10
550 2054 733 2114 modo
762 2054 825 2114 id
851 2055 1009 2115 brevi
1038 2066 1305 2133 tempore
1346 2059 1622 2133 resarciri,
1654 2060 1760 2119 sed
1801 2063 1978 2122 etiam
2019 2066 2332 2126 maioribus
2367 2070 2569 2144 augeri

550 2148 735 2222 copiis
776 2158 992 2222 posset.
1078 2148 1260 2223 Quod
1297 2168 1435 2208 cum
1481 2153 1797 2228 Pompeius
1828 2165 1887 2214 et
1927 2157 2281 2233 reipublicae
2320 2169 2378 2217 et
2419 2161 2568 2217 ami-

549 2239 721 2296 citiae
769 2239 1077 2312 tribuisset,
1129 2241 1391 2299 celeriter
1436 2244 1710 2302 confecto
1759 2263 1863 2320 per
1914 2265 2051 2305 suos
2101 2247 2334 2307 delectu
2381 2251 2566 2310 tribus

480 2379 485 2385 .
549 2339 685 2388 ante
730 2341 993 2390 exactam
1038 2331 1293 2391 hiemem
1339 2343 1398 2391 et
1444 2335 1770 2394 constitutis
1817 2347 1878 2394 et
1923 2337 2190 2397 adductis
2235 2340 2564 2416 legionibus

549 2421 963 2499 duplicatoque
994 2444 1189 2483 earum
1220 2425 1550 2484 cohortium
1589 2445 1857 2501 numero,
1888 2446 2032 2504 quas
2062 2447 2199 2487 cum
2229 2430 2304 2504 Q.
2335 2431 2563 2491 Titurio

466 2537 523 2590 15
549 2515 834 2589 amiserat,
864 2525 924 2574 et
951 2517 1243 2575 celeritate
1288 2527 1347 2575 et
1386 2518 1573 2593 copiis
1614 2517 1837 2590 docuit,
1881 2518 2027 2594 quid
2069 2521 2273 2596 populi
2301 2522 2561 2581 Romani

548 2607 855 2686 disciplina
880 2621 1056 2686 atque
1084 2630 1230 2687 opes
1258 2621 1518 2688 possent.

630 2701 711 2760 ΙΙ.
756 2702 1074 2760 Interfecto
1105 2702 1530 2776 IndutiomarO,
1561 2713 1626 2761 ut
1665 2702 1993 2776 docuimuS,
2033 2702 2111 2764 ad
2153 2705 2276 2764 eius
2318 2707 2558 2782 propin·

548 2812 695 2870 quos
723 2815 760 2855 a
783 2797 1051 2869 Treveris
1090 2797 1396 2872 imperium
1442 2795 1710 2854 defertur.
1801 2795 1892 2853 Illi
1920 2795 2196 2854 finitimos
2227 2797 2556 2857 Germanos

546 2887 849 2948 sollicitare
904 2900 965 2948 et
1018 2890 1328 2964 pecuniam
1385 2889 1647 2964 polliceri
1704 2905 1823 2945 non
1882 2885 2183 2946 desistunt.
2268 2889 2423 2948 Cum
2480 2890 2556 2948 ab

460 2999 521 3036 20
543 2982 821 3056 proximis
871 2983 1177 3059 impetrare
1226 3001 1348 3041 non
1397 2991 1656 3058 possent,
1708 2978 2004 3037 ulteriores
2054 2988 2357 3054 temptant.
2454 2981 2550 3039 In-

544 3074 729 3131 ventis
773 3075 1064 3135 nonnullis
1109 3074 1435 3133 civitatibus
1480 3070 1852 3131 iureiurando
1897 3070 2046 3128 inter
2094 3088 2156 3128 se
2187 3071 2551 3152 *confirmant

543 3163 960 3240 obsidibusque
1000 3165 1076 3224 de
1118 3165 1371 3241 pecunia
1413 3174 1658 3237 cavent3
1702 3163 2100 3238 Ambiorigem
2131 3161 2239 3220 sibi
2267 3162 2548 3220 societate

542 3265 602 3313 et
643 3256 881 3318 foedere
923 3257 1263 3334 adiungunt.
1349 3257 1579 3332 Quibus
1623 3258 1796 3317 rebus
1841 3254 2089 3332 cognitis
2131 3253 2365 3325 Caesar,
2410 3273 2544 3312 cum

541 3347 800 3423 undique
829 3348 1042 3407 bellum
1073 3348 1258 3425 parari
1285 3348 1525 3420 videret,
1551 3349 1816 3419 Nervios,
1840 3346 2200 3418 AduatucoS,
2232 3345 2543 3419 Menapios

455 3443 512 3496 ²5
538 3438 829 3498 adiunctis
868 3439 1237 3498 Cisrhenanis
1279 3439 1550 3498 omnibus
1595 3439 1902 3498 Germanis
1947 3457 2074 3498 esse
2118 3438 2176 3495 in
2219 3437 2412 3508 armiS,
2443 3436 2538 3494 Se-

539 3549 725 3589 nones
754 3529 830 3588 ad
858 3531 1205 3607 imperatum
1235 3548 1356 3590 non
1384 3530 1580 3588 venire
1609 3538 1669 3587 et
1696 3549 1830 3588 cum
1863 3531 2212 3589 Carnutibus
2255 3527 2536 3585 finitimis-

538 3640 654 3696 que
695 3623 1019 3682 civitatibus
1060 3621 1301 3680 consilia
1342 3621 1796 3692 communicare,
1840 3640 1875 3678 a
1908 3622 2173 3680 Treveris
2208 3622 2537 3681 Germanos

536 3711 748 3770 crebris
795 3711 1179 3786 legationibus
1226 3710 1534 3780 sollicitari,
1579 3711 1854 3768 maturius
1902 3711 2011 3770 sibi
2053 3710 2129 3770 de
2171 3712 2327 3770 bello
2379 3711 2532 3788 cogi-

534 3799 774 3857 tandum
802 3801 1041 3876 putavit.
