2796 4207
721 287 725 292 -
804 255 953 309 Lm.
996 254 1137 309 vn.
1184 254 1356 309 CAP.
1401 254 1835 309 Lvl11-Lxu.
2239 236 2364 305 197

256 420 389 479 buit
410 428 470 477 et
489 418 676 495 prima
703 419 975 476 confecta
994 417 1187 494 vigilia
1212 426 1488 492 quattuor
1515 417 1674 476 milia
1700 434 1979 494 passuum
2007 415 2272 477 secundo

257 510 503 568 flumine
526 509 755 568 silentio
782 506 1057 585 progredi
1083 508 1281 583 ibique
1303 526 1365 567 se
1390 508 1716 584 exspectari
1743 508 1921 568 iubet.
1995 507 2270 582 Quinque

257 600 555 673 cohorteS,
585 617 729 675 quas
757 599 997 658 minime
1027 598 1221 658 firmas
1248 598 1327 658 ad
1362 597 1769 658 dimicandum
1811 614 1938 657 esse
1981 598 2272 657 existima-

257 691 381 761 bat,
432 691 632 749 castris
685 688 980 765 praesidio
1034 690 1344 765 relinquit;
1402 690 1664 766 quinque
1713 688 1980 749 eiusdem
2027 689 2273 765 legionis

257 780 511 856 reliquas
539 779 617 838 de
644 780 842 839 media
870 789 1045 839 nocte
1074 798 1210 838 curn
1240 780 1514 839 omnibus
1549 779 1988 857 impedimentis
2024 778 2271 839 adverso
2303 798 2330 852 5

257 871 501 929 flumine
530 889 747 947 magno
774 871 1025 930 tumultu
1062 871 1355 948 proficisci
1393 872 1658 947 imperat.
1741 870 2054 948 Conquirit
2093 871 2271 929 etiam

257 962 457 1021 lintres
478 983 495 1035 3
540 963 643 1021 has
682 980 897 1038 magno
926 963 1118 1021 sonitu
1146 950 1442 1022 rem'orum
1471 963 1738 1021 incitatas
1767 962 1826 1021 in
1855 960 2110 1021 eandem
2138 979 2268 1038 par-

258 1064 386 1112 tem
439 1053 629 1111 mittit.
715 1053 851 1128 Ipse
901 1063 1037 1129 post
1083 1053 1261 1128 paulo
1310 1053 1541 1112 silentio
1592 1069 1854 1128 egressus
1905 1070 2042 1111 cum
2091 1052 2272 1113 tribus

258 1144 586 1219 legionibus
614 1160 750 1202 eum
779 1144 975 1203 locum
1005 1144 1169 1219 petit,
1200 1162 1321 1219 quo
1348 1161 1528 1203 naves
1554 1144 1768 1219 appelli
1799 1144 2056 1203 iusserat.

344 1235 499 1293 LXI.
547 1235 639 1293 Eo
667 1252 803 1293 curn
832 1244 986 1293 esset
1006 1244 1263 1307 ventum,
1288 1235 1685 1309 exploratores
1714 1234 1988 1307 hostium,
2019 1244 2082 1293 ut
2109 1234 2274 1294 omni
2304 1244 2363 1283 10

257 1325 515 1383 fluminis
543 1334 706 1401 parte
735 1335 901 1384 erant
929 1325 1214 1402 dispositi,
1238 1324 1631 1401 inopinantes,
1654 1324 1818 1400 quod
1839 1344 2054 1401 magna
2080 1324 2274 1384 subito

261 1426 386 1474 erat
440 1426 641 1475 coorta
696 1425 1029 1491 tempestaS,
1086 1416 1162 1475 ab
1216 1416 1428 1475 nostris
1483 1416 1928 1491 opprimuntur3
1985 1416 2274 1476 exercitus

260 1507 669 1582 equitatusque
726 1506 1019 1581 equitibus
1075 1507 1361 1566 Romanis
1415 1506 1970 1579 administrantibuS,
2018 1523 2168 1583 quos
2217 1507 2274 1565 ei

259 1597 503 1673 negotio
550 1598 925 1673 praefecerat,
968 1598 1231 1656 celeriter
1277 1597 1697 1657 transmittitur.
1781 1598 1922 1657 Uno
1964 1598 2084 1656 fere
2123 1606 2270 1656 tem·

260 1706 405 1764 pore
451 1690 561 1746 sub
607 1689 801 1746 lucem
850 1687 1113 1747 hostibus
1161 1689 1477 1761 nuntiatur,
1521 1688 1580 1746 in
1622 1688 1823 1747 castris
1867 1688 2274 1748 Romanorum
2303 1704 2360 1759 15

260 1792 492 1857 praeter
544 1778 1035 1839 consuetudinem
1088 1780 1442 1853 tumultuari,
1495 1790 1556 1839 et
1602 1798 1882 1857 magnum
1929 1780 2012 1839 ire
2058 1797 2272 1857 agmen

261 1871 510 1930 adverso
550 1870 788 1930 flumine
837 1871 1212 1947 sonitumque
1259 1888 1555 1930 remorum
1599 1871 1660 1929 in
1701 1870 1914 1930 eadem
1958 1880 2120 1947 parte
2171 1888 2270 1929 ex·

260 1960 468 2033 audiri,
512 1971 571 2019 et
611 1961 788 2037 paulo
830 1961 977 2020 infra
1017 1961 1227 2020 milites
1276 1961 1521 2021 navibus
1569 1960 1961 2038 transportari.
2043 1960 2272 2036 Quibus

259 2053 437 2113 rebus
464 2051 692 2126 auditiS‚
722 2052 889 2128 quod
920 2052 1343 2128 existimabant,
1368 2053 1548 2113 tribus
1575 2052 1719 2114 locis
1747 2052 1985 2112 transire
2013 2051 2272 2129 legiones

258 2155 441 2220 atque
490 2161 697 2202 ornnes
751 2144 1117 2220 perturbatos
1162 2143 1497 2204 defectione
1540 2143 1880 2203 Aeduorum
1923 2143 2120 2220 fugam
2176 2161 2271 2220 pa·
2300 2169 2361 2206 20

258 2253 407 2308 rare,
438 2253 570 2294 suas
597 2253 834 2311 quoque
864 2235 1065 2310 copias
1108 2235 1169 2294 in
1212 2244 1327 2294 tres
1361 2245 1556 2312 partes
1597 2234 2032 2295 distribuerunt.
2115 2235 2274 2295 Nam

258 2323 555 2403 praesidio
596 2343 631 2385 e
674 2326 912 2402 regione
967 2337 1285 2385 castrorum
1347 2327 1553 2386 relicto
1602 2335 1662 2386 et
1700 2344 1879 2403 parva
1920 2344 2098 2386 manu
2140 2327 2272 2386 Me·

259 2415 559 2478 tiosedum
618 2436 815 2478 versus
884 2418 1075 2491 missa,
1132 2435 1284 2494 quae
1331 2427 1556 2478 tantum
1613 2417 2032 2495 progrediatur,
2089 2435 2270 2494 quan-

259 2522 389 2569 tum
434 2527 611 2569 naves
657 2509 1093 2586 processissent,
1144 2509 1394 2585 reliquas
1445 2509 1648 2587 copias
1691 2518 1899 2568 contra
1948 2507 2272 2575 Labienum

259 2601 574 2660 duxerunt.
1389 2681 1398 2692 υ
2299 2629 2358 2683 25

347 2692 539 2750 LXII.
584 2691 777 2751 Prima
825 2691 957 2752 luce
1002 2701 1063 2751 et
1109 2691 1293 2752 nostri
1340 2709 1548 2752 omnes
1594 2701 1758 2752 erant
1805 2691 2171 2767 transportati
2213 2700 2274 2750 et

261 2782 519 2841 hostium
562 2782 719 2842 acies
762 2783 1125 2843 cernebatur.
1213 2783 1506 2843 Labienus
1556 2783 1766 2842 milites
1811 2781 2165 2854 cohortatus,
2208 2793 2272 2843 ut

259 2891 403 2932 suae
431 2873 705 2949 pristinae
734 2873 955 2932 virtutis
983 2884 1042 2933 et
1071 2873 1630 2934 secundissimorum
1665 2873 2020 2950 proeliorum
2061 2873 2270 2933 retine·

259 2973 401 3022 rent>
434 2963 777 3023 memoriam
818 2974 995 3040 atque
1036 2965 1227 3040 ipsum
1259 2965 1594 3038 Caesarem,
1633 2966 1799 3024 cuius
1840 2964 2026 3024 ductu
2066 2982 2268 3040 saepe-

258 3074 512 3116 numero
545 3056 741 3117 hostes
778 3067 1165 3134 superassent,
1196 3070 1566 3134 praesentem
1607 3058 1814 3117 adesse
1857 3057 2268 3130 existimarent,
2297 3075 2360 3128 30

260 3147 368 3206 dat
407 3147 636 3224 signum
678 3148 901 3224 proelii.
986 3148 1181 3207 Primo
1222 3166 1514 3209 concursu
1556 3151 1632 3208 ab
1673 3148 1883 3207 dextro
1924 3166 2126 3218 cornu,
2169 3147 2270 3207 ubi

260 3241 515 3316 septima
559 3239 713 3317 legio
760 3240 1115 3314 constiterat,
1163 3241 1361 3301 hostes
1409 3241 1702 3318 pelluntur
1747 3251 1924 3317 atque
1968 3241 2030 3318 in
2073 3241 2270 3318 fugam

260 3330 671 3404 coniciuntur;
712 3331 789 3390 ab
816 3331 1064 3404 sinistre,
1094 3349 1272 3408 quem
1300 3332 1500 3392 locum
1529 3331 1887 3392 duodecima
1911 3331 2066 3408 legio
2103 3340 2288 3390 tene-‘

259 3423 382 3494 bat,
420 3440 558 3480 cum
600 3421 771 3497 primi
812 3421 1047 3482 ordines
1089 3421 1345 3483 hostium
1383 3423 1642 3483 transfixi
1682 3423 1810 3482 telis
1853 3422 2266 3494 concidissent,

259 3522 463 3571 tamen
503 3512 783 3570 acerrime
830 3512 1034 3589 reliqui
1080 3513 1443 3586 resistebant,
1486 3531 1598 3572 nec
1647 3513 1828 3572 dabat
1873 3513 2267 3590 suspicionem
2295 3533 2358 3588 35

259 3602 435 3679 fugae
462 3601 791 3679 quisquam.
860 3604 998 3679 Ipse
1026 3602 1149 3663 dux
1175 3604 1431 3664 hostium
1459 3604 1894 3680 Camulogenus
1921 3605 2040 3663 suis
2068 3603 2269 3668 aderat

258 3703 441 3770 atque
469 3710 573 3752 eos
610 3693 1038 3753 cohortabatur.
1123 3687 1360 3755 Incerto
1387 3712 1550 3754 nunc
1579 3696 1756 3754 etiam
1784 3695 1942 3754 exitu
1969 3695 2266 3766 victoriae,

260 3801 401 3844 curn
422 3783 707 3859 septimae
728 3782 971 3860 legionis
990 3785 1234 3844 tribunis
1256 3795 1411 3846 esset
1425 3785 1771 3859 nuntiatum,
1791 3803 1942 3861 quae
1960 3786 2021 3845 in
2037 3785 2268 3846 sinistro
