2796 4207
20 3359 31 3568 “w-vm*
22 3075 32 3338 “·”·“··’-*’·---····
20 2244 59 3058 ”·Ἦ-*-ὛτῊ.αΜ-ο-
20 1688 55 2234 moe-tm
33 1594 38 1601 .

61 2705 71 2711 Ι

858 6 907 59 X
1099 6 1389 46 ss

1004 195 1155 251 Lm.
1198 196 1244 249 1.
1289 196 1462 251 CAP.
1504 196 1733 251 vll-x.
2340 180 2419 245 51
2508 60 2665 280 χχ

329 366 419 422 Eo
450 380 627 439 opere
657 363 918 437 perfecto
948 358 1236 435 praesidia
1264 359 1543 434 disponit,
1575 359 1809 418 castella
1836 360 2181 433 communit,
2212 379 2331 436 quo
2660 278 2773 435 Χ

326 455 564 525 faciliuS,
613 454 660 511 si
704 470 766 510 se
825 452 1004 509 invito
1052 450 1290 509 transire
1341 440 1729 523 conarentur„
1765 450 2075 526 prohibere
2097 438 2327 528 'possit

325 546 448 605 Ubi
496 563 566 603 ea
609 544 754 615 dies,
785 560 963 619 quam
1007 542 1385 601 constituerat
1424 560 1559 599 cum
1580 542 1820 617 legatiS,
1851 542 2029 615 venit,
2060 552 2118 602 et
2159 540 2331 619 legati

323 636 401 695 ad
456 655 593 695 eum
648 642 1020 704 reverterunt,
1079 643 1270 709 negat,
1329 651 1391 691 se
1446 651 1609 691 more
1668 643 1737 691 et.
1786 634 2058 709 exemplo
2127 635 2329 710 populi

324 728 580 785 Romani
608 744 786 807 possea
811 726 919 783 iter
942 724 1039 798 ulli
1067 730 1173 799 pei
1199 725 1562 799 provinciam
1590 720 1729 815 dare
1754 745 1791 811 3„
1808 734 1885 796 et,
1916 726 1963 783 si
1991 726 2109 783 vim
2138 726 2327 783 facere
2358 745 2384 797 5

325 827 630 890 conentur,
674 806 1419 891 prohibifiurumxostendit.
1518 815 1793 887 Helvetii,
1828 808 1907 874 *ea
1948 833 2053 891 spe
2096 814 2326 885 deiecti,

322 909 566 967 navibus
635 908 844 965 iunctis
904 907 1238 981 ratibusque
1307 892 1701 981 compluribus
1768 906 1952 977 factis,
2010 906 2104 963 alii
2162 905 2327 965 vadis

325 998 622 1069 Rhodani,
669 994 809 1073 qua*
828 998 1070 1056 minima
1108 996 1354 1055 altitudo
1404 996 1655 1055 fluminis
1698 994 1851 1069 erat,
1880 1015 2327 1072 nonnumquam

322 1089 596 1161 interdiu,
627 1090 858 1165 saepius
883 1097 1083 1161 noctu,
1113 1088 1162 1147 si
1196 1106 1573 1165 perrumpere
1602 1097 1859 1163 possent,
1890 1088 2105 1160 conati,
2135 1089 2326 1163 operis

322 1180 644 1239 munitione
693 1190 752 1237 et
807 1180 1055 1237 militum
1097 1196 1385 1237 concursu
1428 1188 1489 1237 et
1530 1179 1655 1237 telis
1696 1178 1911 1253 repulsi
1951 1178 2067 1237 hoc
2110 1187 2325 1238 conatu
2358 1206 2415 1243 ιο

319 1272 682 1329 destiterunt.
1261 1267 1266 1273 ’
1325 1280 1332 1283 ·

505 1432 650 1502 They
665 1438 765 1504 get
787 1432 945 1485 leave
971 1440 1026 1485 to
1039 1449 1116 1503 go
1142 1431 1382 1503 through
1408 1392 1501 1485 tha
1524 1430 1673 1484 land
1688 1433 1759 1501 os
1770 1430 1863 1485 the
1889 1430 2155 1503 Sequani.

403 1560 506 1617 IX.
569 1558 1028 1635 Relinquebatur
1070 1575 1186 1615 una
1239 1575 1346 1633 per
1385 1557 1689 1631 Sequanos
1730 1556 1841 1629 via,
1884 1574 2001 1631 qua
2041 1557 2324 1632 Sequanis

319 1651 508 1709 invitis
556 1658 794 1729 propter
837 1649 1128 1725 angustias
1179 1648 1258 1706 ire
1278 1659 1428 1705 *non
1482 1642 1769 1721 poterant.
1876 1648 1989 1706 His
2036 1663 2173 1705 cum
2218 1668 2325 1708 sua

319 1752 529 1817 sponte
585 1740 934 1817 persuadere
992 1748 1115 1799 non
1145 1748 1428 1815 possent,
1486 1739 1707 1815 legatos
1762 1738 1840 1797 ad
1897 1740 2323 1816 Dumnorigem

208 1901 215 1906 ,
320 1832 594 1892 Aeduum
620 1812 872 1891 &mittunt
920 1841 983 1889 ut
1021 1849 1094 1889 eo
1131 1829 1511 1907 deprecatore
1542 1848 1577 1888 a
1604 1830 1886 1906 Sequanis
1927 1795 2411 1911 impetrarentJ15

319 1924 651 1983 Dumnorix
691 1923 871 1999 gratia
912 1931 970 1980 et
1011 1922 1310 1997 largitione
1339 1920 1501 1997 apud
1529 1921 1831 1997 Sequanos
1868 1920 2181 1998 plurimum
2214 1940 2319 1999 po-

319 2025 481 2089 terat,
510 2025 570 2074 et
599 2014 884 2073 Helvetiis
913 2023 1034 2072 erat
1061 2013 1298 2086 amicuS,
1322 2013 1486 2091 quod
1516 2031 1589 2071 ex
1617 2030 1689 2071 ea
1716 2013 1945 2073 civitate
1964 2012 2321 2093 Orgetorigis

318 2110 493 2168 filiam
535 2107 596 2166 in
633 2107 1068 2166 matrimonium
1102 2106 1360 2179 duxerat,
1391 2117 1452 2166 et
1482 2105 1800 2185 cupiditate
1834 2109 1997 2185 regni
2030 2105 2320 2169 adductus

318 2200 482 2259 novis
511 2201 681 2259 rebus
710 2199 998 2272 studebat,
1023 2210 1082 2258 et
1109 2217 1285 2276 quam
1315 2199 1589 2274 plurimas
1610 2199 1871 2260 civitates
1892 2219 2000 2260 suo
2030 2201 2319 2260 beneficio

318 2291 530 2350 habere
560 2291 860 2351 obstrictas
881 2292 1129 2350 volebat.
1217 2291 1423 2366 Itaque
1447 2309 1570 2350 rem
1600 2291 1857 2367 suscipit,
1889 2302 1947 2350 et
1974 2311 2011 2350 a
2038 2293 2318 2368 Sequanis
2347 2313 2409 2350 20

317 2382 604 2456 impetrat,
627 2391 692 2440 ut
718 2400 823 2458 per
850 2382 997 2440 fines
1026 2400 1162 2440 suos
1184 2382 1492 2440 Helvetios
1520 2383 1602 2440 ire
1630 2383 1938 2458 patiantur,
1962 2382 2317 2459 obsidesque

315 2473 400 2530 uti
443 2472 594 2530 inter
636 2491 762 2531 sese
809 2472 952 2531 dent
998 2473 1261 2548 perficit:
1320 2473 1592 2548 Sequani,
1640 2491 1717 2532 ne
1760 2473 1963 2532 itinere
2012 2474 2319 2532 Helvetios

314 2565 661 2642 prohibeant
684 2586 700 2638 3
746 2565 1020 2637 Helvetii,
1050 2576 1114 2645 ut
1142 2567 1267 2625 sine
1298 2566 1587 2626 maleficio
1615 2576 1676 2625 et
1702 2567 1908 2626 iniuria
1936 2576 2244 2626 transeant.

319 2751 531 2804 Caesar
546 2749 766 2820 folches
783 2752 914 2820 five
947 2750 1162 2822 legions
1182 2753 1351 2821 from
1388 2751 1595 2822 Italy,··
1623 2751 1715 2807 the
1750 2752 1947 2806 Aedui
1979 2752 2105 2807 and
2132 2751 2316 2807 others

753 2845 974 2892 entreat
992 2838 1084 2892 his
1107 2839 1216 2892 aid
1231 2841 1463 2912 against
1484 2839 1577 2894 tlte
1598 2840 1873 2894 Helvetii.

392 2965 466 3022 X.
513 2964 748 3024 Caesari
773 2965 1149 3037 renuntiatur,
1185 2966 1473 3024 Helvetiis
1502 2983 1629 3025 esse
1660 2966 1720 3024 in
1748 2967 1947 3026 animo
1978 2984 2085 3042 per
2113 2985 2311 3044 agrum

312 3055 715 3130 Sequanorum
743 3063 802 3113 et
831 3055 1168 3114 Aeduorum
1198 3056 1306 3115 iter
1332 3057 1392 3115 in
1422 3058 1741 3116 Santonum
1788 3057 1934 3116 fines
1975 3058 2183 3131 facere,
2215 3059 2314 3134 qui
2342 3080 2403 3132 25

311 3163 434 3204 non
475 3145 648 3221 longe
693 3164 729 3203 a
768 3147 1127 3204 Tolosatium
1171 3147 1382 3207 finibus
1426 3149 1653 3220 absunt,
1690 3166 1840 3224 quae
1882 3149 2081 3207 civitas
2124 3159 2213 3208 est
2254 3151 2313 3208 in

312 3237 629 3312 provincia.
716 3236 790 3302 191
841 3238 888 3296 si
932 3238 1113 3309 fieret,
1162 3239 1548 3314 intellegebat,
1596 3258 1811 3316 magno
1860 3258 1997 3298 cum
2053 3241 2312 3316 periculo

311 3319 646 3403 provinciae
695 3328 966 3400 futurum,
1009 3339 1074 3388 ut
1121 3330 1388 3389 homines
1435 3331 1761 3404 bellicosos,
1803 3332 2005 3407 populi
2056 3333 2313 3392 Romani

311 3393 610 3477 inimicos?
635 3419 780 3478 locis
821 3421 1153 3494 patentibus
1197 3420 1567 3496 maximeque
1610 3423 1991 3482 frumentariis
2033 3422 2337 3485 finitimos

311 3509 590 3568 haberet,
615 3509 738 3570 “Ob
767 3528 864 3568 eas
893 3529 1095 3570 causas
1125 3512 1178 3570 ei
1207 3510 1533 3586 munitioni,
1554 3531 1729 3588 quam
1758 3513 1989 3586 fecerat,
2008 3515 2075 3571 T.
2104 3513 2310 3574 Labie·
2336 3537 2402 3589 30

311 3618 452 3658 num
481 3459 734 3676 legtum
763 3602 1038 3676 praefecit
1058 3622 1075 3674 3
1106 3603 1316 3677 ipse⁶in
1349 3603 1575 3662 Italiam
1592 3605 1815 3680 magnis
1844 3604 2139 3664 itineribus
2166 3623 2309 3664 con·

311 3689 500 3750 tendit
541 3690 803 3766 duasque
847 3692 924 3752 ibi
964 3692 1222 3767 legiones
1257 3694 1590 3766 conscribit,
1631 3705 1689 3753 et
1731 3705 1864 3768 treS,
1900 3713 2050 3771 quae
2090 3696 2309 3756 circum

312 3782 640 3856 Aquileiam
683 3783 1032 3854 hiemabant,
1069 3801 1142 3840 ex
1176 3783 1431 3842 hibernis
1466 3783 1679 3857 educit,
1715 3796 1774 3843 et
1820 3803 1937 3860 qua
1979 3787 2310 3862 proximum
