2796 4207
705 258 851 312 ιιΒ.
896 257 1035 311 v11.
1080 257 1252 312 CAP.
1295 255 1794 309 xxvu-xxxr.
2168 224 2292 299 1'88

190 441 387 482 rerum
418 430 737 498 proventus
776 429 1135 495 exspectent.
1201 418 1321 479 Sibi
1346 436 1668 494 numquam
1697 417 1984 493 placuisse
2004 416 2198 475 Avari·

190 531 334 572 cum
362 510 625 585 defendi,
655 511 821 569 cuius
856 510 941 569 rei
973 520 1150 569 testes
1191 510 1349 586 ipsos
1391 509 1670 581 haberet;
1713 507 1820 567 sed
1847 508 2065 567 factum
2093 508 2199 567 im-

188 602 511 679 prudentia
533 601 855 678 Biturigum
878 610 937 659 et
965 600 1145 659 nimia
1171 600 1556 675 obsequentia
1583 600 1955 676 reliquorum,
1979 600 2062 657 uti
2084 598 2199 658 hoc

82 692 89 701 ’
189 692 646 753 incommodum
686 693 1061 768 acciperetur.
1150 690 1223 750 ld
1251 701 1452 749 tamen
1485 710 1548 749 se
1582 691 1846 749 celeriter
1888 690 2200 749 maioribus

188 782 529 844 commodis
564 794 914 842 sanaturum.
1000 782 1157 840 Nam
1186 800 1335 857 quae
1364 782 1440 841 ab
1468 783 1700 857 reliquis
1730 782 1908 842 Gallis
1938 782 2199 841 civitates
2225 805 2255 860 5

185 874 583 946 dissentirent,
613 874 716 932 has
745 891 851 932 sua
878 872 1174 949 diligentia
1201 871 1610 931 adiuncturum
1639 883 1814 948 atque
1842 890 2024 930 unum
2052 890 2194 932 con·

184 967 381 1025 silium
410 964 587 1023 totius
610 964 833 1024 Galliae
863 964 1222 1036 effecturum,
1246 964 1411 1022 cuius
1440 964 1750 1023 consensui
1781 981 1855 1022 ne
1885 964 2040 1022 orbis
2068 963 2196 1039 qui-

185 1058 329 1115 dem
358 1068 638 1116 terrarum
667 1056 852 1131 possit
893 1055 1175 1114 obsistere
1197 1075 1215 1127 3
1258 1053 1434 1130 idque
1465 1074 1527 1114 se
1557 1073 1743 1132 prope
1775 1056 1889 1113 iam
1920 1055 2196 1114 effectum

186 1152 425 1211 habere.
512 1151 747 1209 Interea
774 1167 1027 1225 aequum
1056 1167 1184 1208 esse
1212 1149 1288 1209 ab
1315 1149 1385 1207 iis
1414 1150 1744 1208 communis
1785 1149 1981 1207 salutis
2019 1165 2196 1208 causa

186 1245 505 1320 impetrari,
528 1253 595 1302 ut
614 1254 803 1302 castra
822 1244 1047 1302 munire
1070 1244 1453 1315 instituerent,
1476 1261 1595 1319 quo
1618 1243 1837 1301 facilius
1858 1244 2194 1319 repentinos
2226 1273 2285 1312 10

186 1335 449 1395 hostium
477 1336 660 1412 impet
702 1352 729 1393 s
758 1335 1123 1393 sustinerent.

269 1428 459 1486 XXX.
504 1427 553 1486 F
598 1427 609 1439 ‘
666 1426 813 1484 haec
841 1426 1028 1484 oratio
1050 1443 1169 1484 non
1191 1425 1413 1502 ingrata
1433 1426 1632 1498 Gallis,
1657 1437 1716 1484 et
1737 1427 2008 1500 maxime,
2031 1425 2194 1501 quod

186 1520 316 1596 ipse
348 1519 461 1598 ani,
586 1536 709 1577 non
740 1517 1037 1576 defecerat
1077 1526 1239 1576 tanto
1281 1526 1534 1592 accepto
1567 1510 1958 1577 ⁴incommodo
2000 1534 2194 1594 neque

186 1628 252 1669 se
282 1611 345 1669 in
372 1609 672 1669 occultum
699 1607 1005 1669 abdiderat
1032 1618 1093 1667 et
1113 1617 1499 1684 conspectum
1529 1608 1912 1667 multitudinis
1934 1610 2192 1685 fugerat;

186 1701 442 1778 plusque
486 1701 682 1759 animo
724 1698 1032 1776 providere
1068 1708 1126 1757 et
1152 1700 1506 1774 praesentire
1550 1700 2000 1772 existimabatur,
2031 1698 2195 1775 quod
2228 1732 2286 1786 15

187 1810 253 1851 re
294 1792 521 1867 integra
561 1792 751 1867 primo
791 1788 1230 1849 incendendum
1274 1790 1582 1847 Avaricum
1623 1799 1758 1865 post
1803 1790 2196 1849 deserendum

189 1892 519 1942 censuerat.
604 1883 811 1956 Itaque
838 1890 903 1939 ut
934 1880 1289 1955 reliquorum
1327 1880 1743 1956 imperatorum
1784 1900 1876 1940 res
1918 1881 2196 1941 adversae

188 1976 597 2035 auctoritatem
624 1975 912 2044 minuunt,
942 1973 1026 2033 sic
1055 1973 1224 2033 huius
1252 1992 1326 2032 ex
1354 1975 1644 2034 contrario
1679 1974 1930 2051 dignitas
1972 1976 2193 2034 incom-

190 2066 378 2127 modo
420 2074 667 2143 accepto
706 2064 769 2125 in
808 2065 936 2125 dies
977 2066 1310 2141 augebatur.
1395 2065 1575 2124 Simul
1604 2065 1662 2124 in
1691 2084 1855 2142 spem
1885 2066 2198 2128 veniebant

190 2160 317 2218 eius
338 2157 721 2216 affirmatione
744 2156 821 2217 de
842 2157 1077 2232 reliquis
1103 2155 1491 2232 adiungendis
1520 2158 1847 2217 civitatibus
1867 2179 1885 2232 3
1921 2159 2194 2234 primum·
2222 2193 2288 2232 20

189 2270 309 2329 que
339 2269 416 2311 eo
444 2260 709 2326 tempore
739 2249 892 2311 Galli
933 2259 1121 2308 castra
1161 2250 1386 2307 munire
1430 2251 1815 2323 instituerunt,
1846 2262 1906 2310 et
1942 2253 2025 2312 sic
2064 2262 2199 2312 sunt

190 2344 393 2403 animo
435 2341 790 2401 consternati
831 2339 1101 2401 homines
1149 2340 1361 2399 insueti
1408 2341 1637 2415 laboris,
1681 2351 1746 2399 ut
1786 2344 2003 2416 omnia,
2046 2361 2198 2419 quae

190 2435 633 2510 imperarentur,
677 2432 784 2492 sibi
826 2431 1103 2507 patienda
1144 2431 1556 2491 existimarent.

273 2524 501 2584 XXXI.
547 2524 679 2582 Nec
742 2523 951 2594 minuS,
1010 2540 1188 2599 quam
1244 2532 1333 2581 est
1392 2523 1701 2598 pollicitus,
1756 2525 2200 2600 Vercingetorix

192 2616 395 2676 animo
432 2614 748 2687 laborabat,
788 2623 850 2672 ut
889 2613 1140 2689 reliquas
1183 2613 1444 2672 civitates
1486 2613 1846 2690 adiungeret,
1883 2625 2057 2690 atque
2101 2633 2200 2675 eas
2228 2642 2289 2696 25

199 2706 369 2766 tionis
398 2705 1027 2781 pollicitationibusque
1056 2704 1359 2763 alliciebat.
1435 2705 1597 2762 Huic
1624 2706 1705 2763 rei
1735 2704 1982 2765 idoneos
2012 2706 2198 2766 homi·

193 2816 301 2858 nes
329 2797 641 2873 deligebat,
671 2814 920 2871 quorum
960 2795 1207 2871 quisque
1236 2804 1335 2852 aut
1363 2796 1626 2854 oratione
1657 2796 1904 2856 subdola
1931 2807 2030 2855 aut
2058 2798 2199 2856 ami·

194 2889 333 2947 citia
374 2887 644 2946 facillime
686 2903 899 2962 capere
940 2896 1154 2961 posset.
1243 2885 1361 2959 Qui
1389 2887 1636 2945 Avarico
1675 2898 2009 2964 expugnato
2051 2888 2199 2946 refu-

197 2989 420 3056 gerant,
462 2977 772 3038 armandos
814 2976 1267 3053 vestiendosque
1310 2989 1512 3050 curat3
1556 2979 1742 3050 simul,
1774 2988 1838 3037 ut
1865 2977 2203 3037 deminutae

197 3071 408 3146 copiae
457 3068 1001 3145 redintegrarentur,
1047 3069 1295 3144 imperat
1338 3078 1562 3128 certum
1607 3088 1914 3129 numerum
1959 3070 2204 3128 militum
2232 3101 2295 3153 30

199 3161 549 3233 civitatibuS,
580 3177 757 3236 quem
787 3170 846 3218 et
874 3178 1049 3234 quam
1092 3169 1229 3219 ante
1270 3160 1430 3219 diem
1476 3160 1534 3218 in
1577 3171 1764 3220 castra
1805 3159 2024 3220 adduci
2051 3162 2204 3236 velit,

201 3250 640 3328 sagittariosque
688 3268 914 3322 omneS‚
964 3269 1213 3326 quorum
1268 3261 1389 3310 erat
1433 3269 1782 3328 permagnus
1832 3271 2107 3312 numerus
2148 3253 2208 3311 in

202 3343 411 3415 Gallia,
462 3341 727 3417 conquiri
774 3351 833 3400 et
877 3340 954 3400 ad
1010 3360 1072 3401 se
1118 3342 1266 3400 mitti
1312 3342 1491 3401 iubet.
1578 3344 1693 3402 His
1733 3343 1905 3402 rebus
1947 3344 2212 3402 celeriter

204 3432 285 3506 id,
330 3432 497 3510 quod
566 3432 793 3490 Avarici
871 3431 1214 3507 deperierat,
1285 3432 1566 3508 expletur.
1680 3434 1922 3493 Interim
1989 3435 2210 3493 Teuto-

204 3533 415 3597 matuS,
459 3522 820 3584 Olloviconis
861 3522 1028 3594 filius,
1074 3541 1176 3581 rex
1219 3523 1650 3599 Nitiobrogum,
1697 3525 1862 3583 cuius
1918 3533 2085 3602 pater
2139 3526 2215 3584 ab
2242 3561 2302 3615 35

209 3623 413 3674 senatu
462 3622 663 3672 nostro
705 3613 927 3672 amicus
970 3624 1090 3672 erat
1131 3613 1474 3690 appellatuS,
1505 3633 1639 3672 cum
1689 3634 1904 3692 magno
1951 3616 2211 3693 equitum

211 3723 449 3766 suorum
498 3721 749 3764 numero
793 3713 853 3762 et
888 3722 1039 3780 quos
1088 3723 1161 3763 ex
1206 3705 1516 3780 Aquitania
1558 3705 1922 3765 conduxerat
1963 3705 2043 3767 ad
2079 3725 2216 3766 eum

211 3796 495 3873 pervenit.
