2796 4207
480 173 605 237 120
1122 191 1235 243 DE⁴
1285 190 1539 263 BELLQ
1592 191 1940 245 GALLICO

563 351 778 425 horteS,
809 370 958 427 quae
993 354 1053 411 in
1087 352 1430 411 stationibus
1465 364 1646 426 erant,
1678 372 1875 414 secum
1916 355 1977 414 in
2014 373 2147 414 eam
2181 364 2407 431 partem
2436 375 2578 432 pro·

562 443 761 516 ficisci,
820 462 893 501 ex
946 443 1178 519 reliquis
1226 444 1372 503 duas
1428 444 1489 502 in
1536 444 1845 504 stationem
1903 446 2175 505 cohortes
2230 446 2575 521 succedere,

560 534 808 609 reliquas
836 535 1041 593 armari
1069 544 1130 594 et
1158 536 1467 593 confestim
1496 553 1622 594 sese
1653 536 1929 611 subsequi
1959 536 2137 595 iussit.
2209 537 2361 596 Cum
2390 539 2579 614 paulo

559 628 787 703 longius
829 647 864 686 a
896 628 1095 687 castris
1137 629 1530 704 processisset,
1563 647 1697 687 suos
1740 630 1815 687 ab
1857 628 2120 687 hostibus
2163 632 2349 706 premi
2390 641 2575 707 atque

506 734 532 787 5
559 736 730 794 aegre
774 720 1053 778 sustinere
1085 730 1143 779 et
1177 722 1440 779 conferta
1479 721 1708 796 legione
1740 738 1813 779 ex
1841 722 2114 779 omnibus
2155 723 2410 797 partibus
2453 724 2577 782 tela

560 810 756 869 conici
797 809 1219 869 animadvertit.
1303 812 1459 869 Nam
1504 810 1667 886 quod
1715 812 1877 871 omni
1920 830 1993 869 ex
2036 812 2268 887 reliquis
2309 813 2577 889 partibus

559 899 830 960 demesso
876 902 1167 961 frumento
1222 919 1356 977 pars
1404 920 1523 960 una
1566 912 1687 960 erat
1739 902 1976 977 reliqua,
2024 904 2297 979 suspicati
2347 904 2571 975 hosteS‚

557 991 675 1049 huc
716 998 945 1051 nostros
986 1010 1114 1051 esse
1154 1002 1449 1065 ventur05‚
1493 1001 1674 1051 noctu
1718 994 1777 1051 in
1818 993 1971 1051 silvis
2014 993 2398 1066 delituerant3
2442 1004 2573 1052 turn

557 1081 852 1159 dispersos
882 1083 1162 1160 depositis
1191 1084 1363 1142 armis
1391 1084 1451 1141 in
1478 1083 1759 1143 metendo
1789 1095 2109 1160 occupatos
2138 1086 2330 1143 subito
2358 1084 2571 1158 adorti,

476 1202 533 1238 10
557 1176 760 1251 paucis
803 1177 1116 1235 interfectis
1157 1177 1412 1253 reliquos
1456 1178 1688 1239 incertis
1732 1177 2029 1237 ordinibus
2072 1180 2569 1254 perturbaverant,

496 1307 500 1311 -
559 1256 1031 1342 simul'equitatu
1077 1277 1251 1344 atque
1295 1267 1516 1327 essedis
1559 1268 2081 1329 circumdederant.

637 1359 922 1417 XXXIII.
965 1360 1168 1419 Genus
1210 1358 1325 1417 hoc
1367 1369 1456 1418 est
1504 1378 1579 1419 ex
1624 1360 1842 1419 essedis
1887 1378 2137 1436 pugnae.
2222 1362 2416 1420 Primo
2460 1380 2569 1437 per

559 1467 765 1509 omnes
794 1460 984 1526 partes
1017 1450 1386 1527 perequitant
1420 1460 1480 1510 et
1514 1450 1627 1509 tela
1655 1452 1952 1510 coniciunt
1979 1461 2154 1526 atque
2189 1452 2320 1529 ipso
2348 1462 2567 1511 terrore

559 1560 846 1618 equorum
885 1552 944 1600 et
977 1542 1218 1619 strepitu
1259 1552 1516 1601 rotarum
1550 1542 1784 1602 ordines
1822 1543 2163 1619 plerumque
2204 1545 2566 1619 perturbant,

475 1646 534 1702 15
560 1643 619 1692 et
648 1652 784 1691 cum
814 1652 875 1691 se
905 1634 1053 1692 inter
1081 1634 1344 1709 equitum
1378 1644 1594 1693 turmas
1630 1635 2078 1706 insinuaverunt,
2109 1652 2183 1692 ex
2211 1634 2429 1694 essedis
2460 1634 2566 1693 de-

559 1724 754 1783 siliunt
791 1734 850 1783 et
881 1724 1131 1800 pedibus
1166 1725 1537 1801 proeliantur.
1620 1726 1869 1800 Aurigae
1906 1726 2134 1783 interim
2173 1726 2450 1801 paulatim
2489 1743 2565 1784 ex

560 1816 782 1891 proelio
817 1816 1110 1875 excedunt
1142 1826 1318 1892 atque
1347 1817 1427 1875 ita
1454 1834 1651 1875 currus
1685 1816 1995 1888 collocant,
2026 1826 2107 1889 ut,
2138 1817 2183 1873 si
2213 1817 2289 1874 illi
2318 1836 2351 1874 a
2382 1818 2571 1876 multi-

560 1906 762 1965 tudine
805 1906 1058 1965 hostium
1091 1917 1444 1984 premantur,
1475 1906 1817 1984 expeditum
1844 1905 1921 1965 ad
1955 1925 2090 1966 suos
2125 1917 2424 1983 receptum
2466 1907 2567 1965 ha—

559 1998 757 2057 beant.
857 1999 950 2057 Ita
1004 1999 1385 2057 mobilitatem
1436 1999 1717 2075 equitum,
1768 1998 2133 2057 stabilitatem
2183 1997 2449 2075 peditum
2509 2000 2571 2056 in

476 2112 537 2148 20
558 2088 794 2166 proeliis
836 2099 1146 2166 praestant,
1183 2109 1253 2149 ac
1295 2098 1521 2149 tantum
1563 2108 1670 2148 usu
1714 2088 2011 2148 cotidiano
2054 2098 2114 2147 et
2154 2089 2571 2148 exercitatione

562 2181 839 2253 efficiunt,
869 2181 952 2240 uti
981 2182 1040 2240 in
1069 2181 1278 2240 declivi
1305 2200 1376 2240 ae
1405 2181 1707 2257 praecipiti
1734 2181 1867 2239 loco
1889 2180 2159 2240 incitatos
2188 2198 2372 2255 equos
2399 2183 2570 2240 susti-

561 2291 700 2331 nere
730 2281 790 2330 et
817 2273 975 2331 brevi
1007 2272 1295 2332 moderari
1325 2291 1395 2331 ac
1424 2271 1658 2330 flectere
1688 2281 1747 2331 et
1774 2289 1881 2348 per
1907 2281 2204 2330 temonem
2233 2290 2571 2347 percurrere

563 2372 623 2422 et
667 2363 727 2421 in
773 2363 910 2439 iugo
951 2363 1211 2422 insistere
1254 2373 1313 2422 et
1360 2381 1425 2422 se
1466 2361 1607 2422 inde
1649 2363 1709 2421 in
1751 2381 1949 2422 currus
1991 2363 2264 2422 citissime
2306 2363 2569 2438 recipere

565 2454 916 2513 consuerint.

634 2615 779 2686 They
804 2633 902 2670 are
926 2615 1128 2670 routed
1144 2615 1273 2669 and.
1277 2615 1415 2686 give
1437 2613 1729 2686 kostages;
1771 2613 1820 2668 C
1815 2630 1984 2668 aesar
2004 2620 2233 2668 returns
2256 2621 2313 2668 to
2340 2615 2509 2668 Gaul.

477 2754 506 2834 '2
513 2796 540 2849 5
645 2767 919 2828 XXXIV.
969 2767 1196 2840 Quibus
1224 2766 1394 2825 rebus
1429 2765 1773 2840 perturbatis
1805 2765 2014 2822 nostris
2052 2765 2306 2826 novitate
2340 2783 2593 2840 pugnae·

567 2870 832 2934 tempore
870 2856 1364 2932 opportunissimo
1394 2856 1611 2914 Caesar
1648 2855 1923 2913 auxilium
1957 2856 2119 2914 tulit:
2164 2874 2421 2930 namque
2452 2857 2577 2915 eius

570 2949 822 3008 adventu
865 2948 1062 3007 hostes
1104 2948 1505 3020 constiterunt,
1536 2947 1717 3005 nostri
1758 2965 1819 3006 se
1856 2965 1930 3006 ex
1957 2948 2164 3006 timore
2207 2957 2577 3024 receperunt.

572 3041 710 3114 Quo
751 3040 908 3098 facto
957 3037 1034 3096 ad
1075 3037 1483 3096 lacessendum
1526 3047 1586 3097 et
1629 3037 1707 3096 ad
1748 3037 2239 3099 committendum
2290 3040 2577 3115 proelium

571 3133 825 3190 alienum
854 3148 980 3188 esse
1010 3139 1240 3204 tempus
1278 3129 1579 3188 arbitratus
1618 3148 1725 3188 suo
1755 3148 1817 3189 se
1846 3130 1983 3190 loco
2012 3131 2300 3190 continuit
2328 3141 2388 3189 et
2414 3131 2575 3190 brevi

485 3243 547 3294 30
573 3234 837 3297 tempore
893 3221 1217 3279 intermisso
1266 3221 1328 3278 in
1365 3229 1554 3280 castra
1592 3220 1853 3297 legiones
1893 3221 2139 3280 reduxit.
2228 3224 2388 3280 Dum
2431 3223 2578 3278 h'aec

573 3323 863 3389 geruntur,
893 3312 1100 3370 nostris
1143 3312 1414 3370 omnibus
1457 3313 1778 3388 occupatis,
1814 3313 1913 3387 qui
1956 3322 2120 3370 erant
2161 3313 2221 3370 in
2264 3313 2411 3388 agris
2452 3312 2576 3371 reli-

576 3405 693 3479 qui,
737 3404 1145 3461 discesserunt.
1259 3403 1503 3462 Secutae
1547 3414 1682 3462 sunt
1730 3403 2039 3462 continuos
2081 3403 2410 3478 complures
2452 3403 2577 3462 dies

577 3504 968 3570 tempestates,
999 3511 1149 3567 quae
1179 3502 1236 3551 et
1272 3503 1503 3551 nostros
1534 3494 1593 3551 in
1622 3494 1819 3552 castris
1858 3494 2228 3552 continerent
2255 3504 2313 3551 et
2351 3495 2576 3552 hostem

577 3604 613 3642 a
638 3604 834 3661 pugna
861 3584 1251 3660 prohiberent.
1338 3584 1581 3642 Interim
1612 3584 1833 3642 barbari
1861 3585 2098 3643 nuntios
2126 3584 2188 3642 in
2216 3602 2422 3644 omnes
2450 3603 2575 3664 par-

433 3719 464 3737 --
493 3686 552 3737 35
580 3685 666 3734 tes
707 3675 1046 3733 dimiserunt
1087 3675 1557 3751 paucitatemque
1600 3685 1927 3734 nostrorum
1971 3675 2216 3735 militum
2258 3676 2375 3735 suis
2416 3693 2571 3751 prae·

581 3766 919 3824 dicaverunt
947 3775 1023 3836 et,
1053 3776 1270 3841 quanta
1307 3767 1561 3841 praedae
1597 3767 1897 3825 faciendae
1932 3778 2105 3842 atque
2136 3768 2197 3826 in
2235 3780 2575 3844 perpetuum
