<?xml version="1.0" encoding="UTF-8"?>
<!DOCTYPE html PUBLIC "-//W3C//DTD XHTML 1.0 Transitional//EN"
    "http://www.w3.org/TR/xhtml1/DTD/xhtml1-transitional.dtd">
<html xmlns="http://www.w3.org/1999/xhtml" xml:lang="en" lang="en">
 <head>
  <title>
</title>
<meta http-equiv="Content-Type" content="text/html;charset=utf-8" />
  <meta name='ocr-system' content='tesseract 3.04.00' />
  <meta name='ocr-capabilities' content='ocr_page ocr_carea ocr_par ocr_line ocrx_word'/>
</head>
<body>
  <div class='ocr_page' id='page_1' title='image "./ciulicaesarisde00kelsgoog_0209.png"; bbox 0 0 2796 4207; ppageno 0'>
   <div class='ocr_carea' id='block_1_1' title="bbox 791 228 2345 302">
    <p class='ocr_par' dir='ltr' id='par_1_1' title="bbox 791 228 2345 302">
     <span class='ocr_line' id='line_1_1' title="bbox 791 228 2345 302; baseline -0.005 0"><span class='ocrx_word' id='word_1_1' title='bbox 791 249 937 302; x_wconf 89' lang='lat' dir='ltr'>LIB.</span> <span class='ocrx_word' id='word_1_2' title='bbox 976 247 1079 301; x_wconf 88' lang='lat' dir='ltr'>VI.</span> <span class='ocrx_word' id='word_1_3' title='bbox 1122 248 1287 302; x_wconf 83' lang='lat' dir='ltr'>CAP.</span> <span class='ocrx_word' id='word_1_4' title='bbox 1329 246 1808 301; x_wconf 90' lang='lat' dir='ltr'>XVIII-XXIII.</span> <span class='ocrx_word' id='word_1_5' title='bbox 2218 228 2345 295; x_wconf 75' lang='grc'>159</span> 
     </span>
    </p>
   </div>
   <div class='ocr_carea' id='block_1_2' title="bbox 245 407 2356 3863">
    <p class='ocr_par' dir='ltr' id='par_1_2' title="bbox 246 407 2315 1032">
     <span class='ocr_line' id='line_1_2' title="bbox 246 407 2255 488; baseline -0.003 -17"><span class='ocrx_word' id='word_1_6' title='bbox 246 412 552 488; x_wconf 85' lang='lat' dir='ltr'>republica</span> <span class='ocrx_word' id='word_1_7' title='bbox 577 429 615 469; x_wconf 91' lang='lat' dir='ltr'>a</span> <span class='ocrx_word' id='word_1_8' title='bbox 638 409 894 469; x_wconf 88' lang='lat' dir='ltr'>finitimis</span> <span class='ocrx_word' id='word_1_9' title='bbox 929 426 1160 467; x_wconf 88' lang='lat' dir='ltr'>rumore</span> <span class='ocrx_word' id='word_1_10' title='bbox 1202 416 1302 466; x_wconf 89' lang='lat' dir='ltr'>aut</span> <span class='ocrx_word' id='word_1_11' title='bbox 1328 409 1486 466; x_wconf 86' lang='lat' dir='ltr'>fama</span> <span class='ocrx_word' id='word_1_12' title='bbox 1518 408 1831 482; x_wconf 86' lang='lat' dir='ltr'>acceperit,</span> <span class='ocrx_word' id='word_1_13' title='bbox 1859 410 1946 466; x_wconf 89' lang='lat' dir='ltr'>uti</span> <span class='ocrx_word' id='word_1_14' title='bbox 1972 407 2050 467; x_wconf 91' lang='lat' dir='ltr'>ad</span> <span class='ocrx_word' id='word_1_15' title='bbox 2077 408 2255 484; x_wconf 85' lang='lat' dir='ltr'>magi·</span> 
     </span>
     <span class='ocr_line' id='line_1_3' title="bbox 246 497 2256 575; baseline -0.002 -13"><span class='ocrx_word' id='word_1_16' title='bbox 246 512 494 562; x_wconf 88' lang='lat' dir='ltr'>stratum</span> <span class='ocrx_word' id='word_1_17' title='bbox 535 500 757 560; x_wconf 90' lang='lat' dir='ltr'>deferat</span> <span class='ocrx_word' id='word_1_18' title='bbox 797 518 945 559; x_wconf 91' lang='lat' dir='ltr'>neve</span> <span class='ocrx_word' id='word_1_19' title='bbox 974 518 1110 557; x_wconf 86' lang='lat' dir='ltr'>cum</span> <span class='ocrx_word' id='word_1_20' title='bbox 1139 517 1260 574; x_wconf 92' lang='lat' dir='ltr'>quo</span> <span class='ocrx_word' id='word_1_21' title='bbox 1297 499 1412 557; x_wconf 86' lang='lat' dir='ltr'>alio</span> <span class='ocrx_word' id='word_1_22' title='bbox 1441 499 1858 570; x_wconf 89' lang='lat' dir='ltr'>communicet,</span> <span class='ocrx_word' id='word_1_23' title='bbox 1887 497 2052 575; x_wconf 89' lang='lat' dir='ltr'>quod</span> <span class='ocrx_word' id='word_1_24' title='bbox 2081 516 2256 574; x_wconf 85' lang='lat' dir='ltr'><strong>saepe</strong></span> 
     </span>
     <span class='ocr_line' id='line_1_4' title="bbox 246 590 2260 666; baseline -0.002 -13"><span class='ocrx_word' id='word_1_25' title='bbox 246 594 522 653; x_wconf 85' lang='lat' dir='ltr'>homines</span> <span class='ocrx_word' id='word_1_26' title='bbox 563 592 899 651; x_wconf 88' lang='lat' dir='ltr'>temerarios</span> <span class='ocrx_word' id='word_1_27' title='bbox 940 599 1114 666; x_wconf 88' lang='lat' dir='ltr'>atque</span> <span class='ocrx_word' id='word_1_28' title='bbox 1157 590 1456 665; x_wconf 89' lang='lat' dir='ltr'>imperitos</span> <span class='ocrx_word' id='word_1_29' title='bbox 1497 590 1650 648; x_wconf 87' lang='lat' dir='ltr'>falsis</span> <span class='ocrx_word' id='word_1_30' title='bbox 1691 590 2019 649; x_wconf 88' lang='lat' dir='ltr'>rumoribus</span> <span class='ocrx_word' id='word_1_31' title='bbox 2060 591 2260 649; x_wconf 88' lang='lat' dir='ltr'>terreri</span> 
     </span>
     <span class='ocr_line' id='line_1_5' title="bbox 248 679 2257 758; baseline -0.002 -15"><span class='ocrx_word' id='word_1_32' title='bbox 248 694 311 743; x_wconf 89' lang='lat' dir='ltr'>et</span> <span class='ocrx_word' id='word_1_33' title='bbox 348 683 429 742; x_wconf 88' lang='lat' dir='ltr'>ad</span> <span class='ocrx_word' id='word_1_34' title='bbox 456 684 677 741; x_wconf 86' lang='lat' dir='ltr'>facinus</span> <span class='ocrx_word' id='word_1_35' title='bbox 720 682 935 758; x_wconf 86' lang='lat' dir='ltr'><strong>impelli</strong></span> <span class='ocrx_word' id='word_1_36' title='bbox 978 690 1036 739; x_wconf 93' lang='lat' dir='ltr'>et</span> <span class='ocrx_word' id='word_1_37' title='bbox 1077 679 1153 739; x_wconf 91' lang='lat' dir='ltr'>de</span> <span class='ocrx_word' id='word_1_38' title='bbox 1196 681 1438 739; x_wconf 86' lang='lat' dir='ltr'>summis</span> <span class='ocrx_word' id='word_1_39' title='bbox 1480 680 1654 739; x_wconf 86' lang='lat' dir='ltr'>rebus</span> <span class='ocrx_word' id='word_1_40' title='bbox 1696 681 2002 739; x_wconf 87' lang='lat' dir='ltr'>consilium</span> <span class='ocrx_word' id='word_1_41' title='bbox 2045 698 2257 757; x_wconf 88' lang='lat' dir='ltr'>capere</span> 
     </span>
     <span class='ocr_line' id='line_1_6' title="bbox 249 772 2315 851; baseline -0.001 -17"><span class='ocrx_word' id='word_1_42' title='bbox 249 775 553 851; x_wconf 91' lang='lat' dir='ltr'>cognitum</span> <span class='ocrx_word' id='word_1_43' title='bbox 595 782 703 831; x_wconf 89' lang='lat' dir='ltr'>est.</span> <span class='ocrx_word' id='word_1_44' title='bbox 787 772 1173 847; x_wconf 79' lang='lat' dir='ltr'>MagistratuS,</span> <span class='ocrx_word' id='word_1_45' title='bbox 1212 789 1363 847; x_wconf 89' lang='lat' dir='ltr'>quae</span> <span class='ocrx_word' id='word_1_46' title='bbox 1391 772 1515 829; x_wconf 89' lang='lat' dir='ltr'>visa</span> <span class='ocrx_word' id='word_1_47' title='bbox 1552 781 1704 843; x_wconf 91' lang='lat' dir='ltr'>sunt,</span> <span class='ocrx_word' id='word_1_48' title='bbox 1735 773 2050 847; x_wconf 88' lang='lat' dir='ltr'>occultant,</span> <span class='ocrx_word' id='word_1_49' title='bbox 2080 789 2258 849; x_wconf 87' lang='lat' dir='ltr'>quae·</span> <span class='ocrx_word' id='word_1_50' title='bbox 2289 790 2315 843; x_wconf 83' lang='lat'>5</span> 
     </span>
     <span class='ocr_line' id='line_1_7' title="bbox 248 860 2258 942; baseline -0 -18"><span class='ocrx_word' id='word_1_51' title='bbox 248 882 367 942; x_wconf 89' lang='lat' dir='ltr'>que</span> <span class='ocrx_word' id='word_1_52' title='bbox 409 882 535 923; x_wconf 88' lang='lat' dir='ltr'>esse</span> <span class='ocrx_word' id='word_1_53' title='bbox 578 882 652 923; x_wconf 86' lang='lat' dir='ltr'>ex</span> <span class='ocrx_word' id='word_1_54' title='bbox 692 882 814 922; x_wconf 89' lang='lat' dir='ltr'>usu·</span> <span class='ocrx_word' id='word_1_55' title='bbox 843 862 1261 933; x_wconf 88' lang='lat' dir='ltr'>iudicaverunt,</span> <span class='ocrx_word' id='word_1_56' title='bbox 1300 860 1657 920; x_wconf 86' lang='lat' dir='ltr'>multitudini</span> <span class='ocrx_word' id='word_1_57' title='bbox 1700 862 1974 938; x_wconf 91' lang='lat' dir='ltr'>produnt.</span> <span class='ocrx_word' id='word_1_58' title='bbox 2060 865 2154 923; x_wconf 92' lang='lat' dir='ltr'>De</span> <span class='ocrx_word' id='word_1_59' title='bbox 2196 882 2258 922; x_wconf 89' lang='lat' dir='ltr'>re</span> 
     </span>
     <span class='ocr_line' id='line_1_8' title="bbox 248 951 1829 1032; baseline -0.002 -17"><span class='ocrx_word' id='word_1_60' title='bbox 248 955 486 1032; x_wconf 90' lang='lat' dir='ltr'>publica</span> <span class='ocrx_word' id='word_1_61' title='bbox 511 955 622 1013; x_wconf 91' lang='lat' dir='ltr'>nisi</span> <span class='ocrx_word' id='word_1_62' title='bbox 649 972 754 1029; x_wconf 92' lang='lat' dir='ltr'>per</span> <span class='ocrx_word' id='word_1_63' title='bbox 782 954 1095 1013; x_wconf 90' lang='lat' dir='ltr'>concilium</span> <span class='ocrx_word' id='word_1_64' title='bbox 1125 952 1285 1027; x_wconf 91' lang='lat' dir='ltr'>loqui</span> <span class='ocrx_word' id='word_1_65' title='bbox 1314 970 1437 1010; x_wconf 90' lang='lat' dir='ltr'>non</span> <span class='ocrx_word' id='word_1_66' title='bbox 1466 951 1829 1013; x_wconf 88' lang='lat' dir='ltr'>conceditur.</span> 
     </span>
    </p>

    <p class='ocr_par' dir='ltr' id='par_1_3' title="bbox 245 1042 2350 2215">
     <span class='ocr_line' id='line_1_9' title="bbox 328 1042 2256 1105; baseline 0 0"><span class='ocrx_word' id='word_1_67' title='bbox 328 1047 492 1105; x_wconf 91' lang='lat' dir='ltr'><strong>XXI.</strong></span> <span class='ocrx_word' id='word_1_68' title='bbox 537 1045 815 1105; x_wconf 87' lang='lat' dir='ltr'>Germani</span> <span class='ocrx_word' id='word_1_69' title='bbox 876 1044 1121 1102; x_wconf 89' lang='lat' dir='ltr'>multum</span> <span class='ocrx_word' id='word_1_70' title='bbox 1178 1044 1253 1101; x_wconf 91' lang='lat' dir='ltr'>ab</span> <span class='ocrx_word' id='word_1_71' title='bbox 1308 1042 1420 1101; x_wconf 90' lang='lat' dir='ltr'>hac</span> <span class='ocrx_word' id='word_1_72' title='bbox 1477 1043 1903 1103; x_wconf 89' lang='lat' dir='ltr'>consuetudine</span> <span class='ocrx_word' id='word_1_73' title='bbox 1966 1044 2256 1105; x_wconf 83' lang='lat' dir='ltr'>differunt.</span> 
     </span>
     <span class='ocr_line' id='line_1_10' title="bbox 250 1133 2257 1213; baseline 0 -18"><span class='ocrx_word' id='word_1_74' title='bbox 250 1137 409 1196; x_wconf 88' lang='lat' dir='ltr'>Nam</span> <span class='ocrx_word' id='word_1_75' title='bbox 437 1154 631 1211; x_wconf 89' lang='lat' dir='ltr'>neque</span> <span class='ocrx_word' id='word_1_76' title='bbox 662 1134 899 1193; x_wconf 86' lang='lat' dir='ltr'>druides</span> <span class='ocrx_word' id='word_1_77' title='bbox 928 1133 1164 1207; x_wconf 88' lang='lat' dir='ltr'>habent,</span> <span class='ocrx_word' id='word_1_78' title='bbox 1196 1134 1297 1208; x_wconf 88' lang='lat' dir='ltr'>qui</span> <span class='ocrx_word' id='word_1_79' title='bbox 1325 1133 1498 1193; x_wconf 89' lang='lat' dir='ltr'>rebus</span> <span class='ocrx_word' id='word_1_80' title='bbox 1528 1134 1740 1193; x_wconf 90' lang='lat' dir='ltr'>divinis</span> <span class='ocrx_word' id='word_1_81' title='bbox 1768 1136 2040 1211; x_wconf 86' lang='lat' dir='ltr'>praesint,</span> <span class='ocrx_word' id='word_1_82' title='bbox 2064 1153 2257 1213; x_wconf 88' lang='lat' dir='ltr'>neque</span> 
     </span>
     <span class='ocr_line' id='line_1_11' title="bbox 249 1225 2350 1304; baseline -0.002 -18"><span class='ocrx_word' id='word_1_83' title='bbox 249 1227 547 1287; x_wconf 88' lang='lat' dir='ltr'>sacrificiis</span> <span class='ocrx_word' id='word_1_84' title='bbox 590 1225 843 1285; x_wconf 86' lang='lat' dir='ltr'>student.</span> <span class='ocrx_word' id='word_1_85' title='bbox 930 1226 1193 1283; x_wconf 88' lang='lat' dir='ltr'>Deorum</span> <span class='ocrx_word' id='word_1_86' title='bbox 1233 1242 1478 1283; x_wconf 90' lang='lat' dir='ltr'>numero</span> <span class='ocrx_word' id='word_1_87' title='bbox 1519 1242 1622 1284; x_wconf 92' lang='lat' dir='ltr'>eos</span> <span class='ocrx_word' id='word_1_88' title='bbox 1651 1226 1807 1285; x_wconf 91' lang='lat' dir='ltr'>solos</span> <span class='ocrx_word' id='word_1_89' title='bbox 1835 1225 2078 1299; x_wconf 91' lang='lat' dir='ltr'>ducunt,</span> <span class='ocrx_word' id='word_1_90' title='bbox 2110 1245 2259 1304; x_wconf 89' lang='lat' dir='ltr'>quos</span> <span class='ocrx_word' id='word_1_91' title='bbox 2289 1244 2350 1282; x_wconf 80' lang='grc' dir='ltr'>ιο</span> 
     </span>
     <span class='ocr_line' id='line_1_12' title="bbox 250 1315 2259 1394; baseline -0 -16"><span class='ocrx_word' id='word_1_92' title='bbox 250 1328 495 1378; x_wconf 85' lang='lat' dir='ltr'>cernunt</span> <span class='ocrx_word' id='word_1_93' title='bbox 517 1328 578 1377; x_wconf 90' lang='lat' dir='ltr'>et</span> <span class='ocrx_word' id='word_1_94' title='bbox 599 1335 848 1394; x_wconf 86' lang='lat' dir='ltr'>quorum</span> <span class='ocrx_word' id='word_1_95' title='bbox 869 1326 1069 1391; x_wconf 89' lang='lat' dir='ltr'>aperte</span> <span class='ocrx_word' id='word_1_96' title='bbox 1092 1315 1304 1391; x_wconf 91' lang='lat' dir='ltr'>opibus</span> <span class='ocrx_word' id='word_1_97' title='bbox 1327 1315 1608 1387; x_wconf 89' lang='lat' dir='ltr'>iuvantur,</span> <span class='ocrx_word' id='word_1_98' title='bbox 1633 1317 1826 1376; x_wconf 88' lang='lat' dir='ltr'>Solem</span> <span class='ocrx_word' id='word_1_99' title='bbox 1849 1326 1908 1375; x_wconf 89' lang='lat' dir='ltr'>et</span> <span class='ocrx_word' id='word_1_100' title='bbox 1928 1318 2259 1377; x_wconf 88' lang='lat' dir='ltr'>Vulcanum</span> 
     </span>
     <span class='ocr_line' id='line_1_13' title="bbox 250 1404 2258 1483; baseline -0 -14"><span class='ocrx_word' id='word_1_101' title='bbox 250 1419 309 1468; x_wconf 89' lang='lat' dir='ltr'>et</span> <span class='ocrx_word' id='word_1_102' title='bbox 338 1410 587 1480; x_wconf 89' lang='lat' dir='ltr'>Lunam,</span> <span class='ocrx_word' id='word_1_103' title='bbox 609 1408 861 1483; x_wconf 90' lang='lat' dir='ltr'>reliquos</span> <span class='ocrx_word' id='word_1_104' title='bbox 892 1425 966 1465; x_wconf 92' lang='lat' dir='ltr'>ne</span> <span class='ocrx_word' id='word_1_105' title='bbox 995 1407 1149 1465; x_wconf 85' lang='lat' dir='ltr'>fama</span> <span class='ocrx_word' id='word_1_106' title='bbox 1176 1404 1420 1482; x_wconf 86' lang='lat' dir='ltr'>quidem</span> <span class='ocrx_word' id='word_1_107' title='bbox 1449 1418 1822 1483; x_wconf 87' lang='lat' dir='ltr'>acceperunt.</span> <span class='ocrx_word' id='word_1_108' title='bbox 1905 1409 2040 1467; x_wconf 90' lang='lat' dir='ltr'>Vita</span> <span class='ocrx_word' id='word_1_109' title='bbox 2069 1409 2258 1468; x_wconf 88' lang='lat' dir='ltr'>omnis</span> 
     </span>
     <span class='ocr_line' id='line_1_14' title="bbox 248 1497 2258 1574; baseline 0.001 -15"><span class='ocrx_word' id='word_1_110' title='bbox 248 1502 309 1559; x_wconf 89' lang='lat' dir='ltr'>in</span> <span class='ocrx_word' id='word_1_111' title='bbox 356 1500 761 1559; x_wconf 87' lang='lat' dir='ltr'>venationibus</span> <span class='ocrx_word' id='word_1_112' title='bbox 808 1509 984 1574; x_wconf 90' lang='lat' dir='ltr'>atque</span> <span class='ocrx_word' id='word_1_113' title='bbox 1028 1499 1090 1556; x_wconf 86' lang='lat' dir='ltr'>in</span> <span class='ocrx_word' id='word_1_114' title='bbox 1134 1497 1339 1557; x_wconf 92' lang='lat' dir='ltr'>studiis</span> <span class='ocrx_word' id='word_1_115' title='bbox 1387 1500 1472 1557; x_wconf 92' lang='lat' dir='ltr'>rei</span> <span class='ocrx_word' id='word_1_116' title='bbox 1521 1499 1779 1567; x_wconf 86' lang='lat' dir='ltr'>militaris</span> <span class='ocrx_word' id='word_1_117' title='bbox 1824 1500 2126 1574; x_wconf 79' lang='lat' dir='ltr'>consistit3</span> <span class='ocrx_word' id='word_1_118' title='bbox 2183 1502 2258 1561; x_wconf 93' lang='lat' dir='ltr'>ab</span> 
     </span>
     <span class='ocr_line' id='line_1_15' title="bbox 249 1588 2258 1669; baseline 0 -19"><span class='ocrx_word' id='word_1_119' title='bbox 249 1592 499 1669; x_wconf 87' lang='lat' dir='ltr'>parvulis</span> <span class='ocrx_word' id='word_1_120' title='bbox 525 1591 707 1649; x_wconf 88' lang='lat' dir='ltr'>labori</span> <span class='ocrx_word' id='word_1_121' title='bbox 730 1608 799 1648; x_wconf 88' lang='lat' dir='ltr'>ac</span> <span class='ocrx_word' id='word_1_122' title='bbox 821 1588 1063 1648; x_wconf 87' lang='lat' dir='ltr'>duritiae</span> <span class='ocrx_word' id='word_1_123' title='bbox 1094 1588 1349 1648; x_wconf 87' lang='lat' dir='ltr'>student.</span> <span class='ocrx_word' id='word_1_124' title='bbox 1423 1590 1542 1665; x_wconf 87' lang='lat' dir='ltr'>Qui</span> <span class='ocrx_word' id='word_1_125' title='bbox 1573 1591 1894 1650; x_wconf 89' lang='lat' dir='ltr'>diutissime</span> <span class='ocrx_word' id='word_1_126' title='bbox 1926 1592 2258 1667; x_wconf 88' lang='lat' dir='ltr'>impuberes</span> 
     </span>
     <span class='ocr_line' id='line_1_16' title="bbox 248 1680 2349 1759; baseline 0 -17"><span class='ocrx_word' id='word_1_127' title='bbox 248 1692 707 1759; x_wconf 87' lang='lat' dir='ltr'>permanserunt,</span> <span class='ocrx_word' id='word_1_128' title='bbox 752 1681 1064 1739; x_wconf 87' lang='lat' dir='ltr'>maximam</span> <span class='ocrx_word' id='word_1_129' title='bbox 1105 1680 1257 1739; x_wconf 90' lang='lat' dir='ltr'>inter</span> <span class='ocrx_word' id='word_1_130' title='bbox 1296 1699 1433 1740; x_wconf 89' lang='lat' dir='ltr'>suos</span> <span class='ocrx_word' id='word_1_131' title='bbox 1475 1682 1665 1740; x_wconf 87' lang='lat' dir='ltr'>ferunt</span> <span class='ocrx_word' id='word_1_132' title='bbox 1707 1682 1978 1741; x_wconf 89' lang='lat' dir='ltr'>laudem:</span> <span class='ocrx_word' id='word_1_133' title='bbox 2027 1682 2142 1742; x_wconf 94' lang='lat' dir='ltr'>hoc</span> <span class='ocrx_word' id='word_1_134' title='bbox 2185 1683 2260 1742; x_wconf 90' lang='lat' dir='ltr'>ali</span> <span class='ocrx_word' id='word_1_135' title='bbox 2291 1706 2349 1759; x_wconf 75' lang='grc' dir='ltr'>ις</span> 
     </span>
     <span class='ocr_line' id='line_1_17' title="bbox 248 1772 2257 1849; baseline -0 -15"><span class='ocrx_word' id='word_1_136' title='bbox 248 1784 545 1845; x_wconf 83' lang='lat' dir='ltr'>staturam,</span> <span class='ocrx_word' id='word_1_137' title='bbox 569 1773 642 1831; x_wconf 84' lang='lat' dir='ltr'>ali</span> <span class='ocrx_word' id='word_1_138' title='bbox 661 1772 811 1830; x_wconf 90' lang='lat' dir='ltr'>vires</span> <span class='ocrx_word' id='word_1_139' title='bbox 838 1789 1163 1847; x_wconf 90' lang='lat' dir='ltr'>nervosque</span> <span class='ocrx_word' id='word_1_140' title='bbox 1193 1772 1524 1831; x_wconf 85' lang='lat' dir='ltr'>confirmari</span> <span class='ocrx_word' id='word_1_141' title='bbox 1551 1782 1773 1849; x_wconf 88' lang='lat' dir='ltr'>putant.</span> <span class='ocrx_word' id='word_1_142' title='bbox 1850 1775 2012 1833; x_wconf 89' lang='lat' dir='ltr'>Intra</span> <span class='ocrx_word' id='word_1_143' title='bbox 2039 1792 2257 1833; x_wconf 88' lang='lat' dir='ltr'>annum</span> 
     </span>
     <span class='ocr_line' id='line_1_18' title="bbox 248 1862 2259 1941; baseline -0 -17"><span class='ocrx_word' id='word_1_144' title='bbox 248 1883 389 1925; x_wconf 90' lang='lat' dir='ltr'>vero</span> <span class='ocrx_word' id='word_1_145' title='bbox 445 1864 787 1923; x_wconf 89' lang='lat' dir='ltr'>vicesimum</span> <span class='ocrx_word' id='word_1_146' title='bbox 840 1862 1093 1921; x_wconf 89' lang='lat' dir='ltr'>feminae</span> <span class='ocrx_word' id='word_1_147' title='bbox 1148 1863 1416 1921; x_wconf 90' lang='lat' dir='ltr'>notitiam</span> <span class='ocrx_word' id='word_1_148' title='bbox 1473 1864 1740 1924; x_wconf 88' lang='lat' dir='ltr'>habuisse</span> <span class='ocrx_word' id='word_1_149' title='bbox 1797 1865 1859 1923; x_wconf 89' lang='lat' dir='ltr'>in</span> <span class='ocrx_word' id='word_1_150' title='bbox 1914 1865 2259 1941; x_wconf 89' lang='lat' dir='ltr'>turpissimis</span> 
     </span>
     <span class='ocr_line' id='line_1_19' title="bbox 249 1954 2260 2032; baseline -0 -16"><span class='ocrx_word' id='word_1_151' title='bbox 249 1956 470 2016; x_wconf 87' lang='lat' dir='ltr'>habent</span> <span class='ocrx_word' id='word_1_152' title='bbox 511 1956 722 2028; x_wconf 72' lang='lat' dir='ltr'>rebus,</span> <span class='ocrx_word' id='word_1_153' title='bbox 772 1954 938 2013; x_wconf 91' lang='lat' dir='ltr'>cuius</span> <span class='ocrx_word' id='word_1_154' title='bbox 981 1954 1065 2012; x_wconf 91' lang='lat' dir='ltr'>rei</span> <span class='ocrx_word' id='word_1_155' title='bbox 1108 1954 1264 2012; x_wconf 90' lang='lat' dir='ltr'>nulla</span> <span class='ocrx_word' id='word_1_156' title='bbox 1306 1964 1393 2013; x_wconf 92' lang='lat' dir='ltr'>est</span> <span class='ocrx_word' id='word_1_157' title='bbox 1436 1956 1769 2028; x_wconf 89' lang='lat' dir='ltr'>occultatio,</span> <span class='ocrx_word' id='word_1_158' title='bbox 1819 1955 1984 2032; x_wconf 91' lang='lat' dir='ltr'>quod</span> <span class='ocrx_word' id='word_1_159' title='bbox 2024 1965 2083 2014; x_wconf 91' lang='lat' dir='ltr'>et</span> <span class='ocrx_word' id='word_1_160' title='bbox 2131 1974 2260 2032; x_wconf 92' lang='lat' dir='ltr'>pro-</span> 
     </span>
     <span class='ocr_line' id='line_1_20' title="bbox 248 2044 2252 2124; baseline -0 -17"><span class='ocrx_word' id='word_1_161' title='bbox 248 2048 472 2107; x_wconf 86' lang='lat' dir='ltr'>miscue</span> <span class='ocrx_word' id='word_1_162' title='bbox 501 2046 560 2105; x_wconf 92' lang='lat' dir='ltr'>in</span> <span class='ocrx_word' id='word_1_163' title='bbox 589 2045 921 2105; x_wconf 85' lang='lat' dir='ltr'>fluminibus</span> <span class='ocrx_word' id='word_1_164' title='bbox 954 2044 1294 2122; x_wconf 86' lang='lat' dir='ltr'>perluuntur</span> <span class='ocrx_word' id='word_1_165' title='bbox 1331 2054 1389 2103; x_wconf 90' lang='lat' dir='ltr'>et</span> <span class='ocrx_word' id='word_1_166' title='bbox 1427 2046 1673 2122; x_wconf 89' lang='lat' dir='ltr'>pellibus</span> <span class='ocrx_word' id='word_1_167' title='bbox 1715 2057 1815 2107; x_wconf 90' lang='lat' dir='ltr'>aut</span> <span class='ocrx_word' id='word_1_168' title='bbox 1855 2047 2044 2124; x_wconf 88' lang='lat' dir='ltr'>parvis</span> <span class='ocrx_word' id='word_1_169' title='bbox 2086 2065 2252 2107; x_wconf 90' lang='lat' dir='ltr'>reno·</span> 
     </span>
     <span class='ocr_line' id='line_1_21' title="bbox 245 2138 2350 2215; baseline -0.002 -15"><span class='ocrx_word' id='word_1_170' title='bbox 245 2159 393 2201; x_wconf 88' lang='lat' dir='ltr'>num</span> <span class='ocrx_word' id='word_1_171' title='bbox 422 2138 753 2215; x_wconf 87' lang='lat' dir='ltr'>tegimentis</span> <span class='ocrx_word' id='word_1_172' title='bbox 780 2146 1035 2210; x_wconf 89' lang='lat' dir='ltr'>utuntur,</span> <span class='ocrx_word' id='word_1_173' title='bbox 1065 2155 1280 2213; x_wconf 89' lang='lat' dir='ltr'>magna</span> <span class='ocrx_word' id='word_1_174' title='bbox 1307 2139 1565 2214; x_wconf 87' lang='lat' dir='ltr'>corporis</span> <span class='ocrx_word' id='word_1_175' title='bbox 1593 2149 1755 2215; x_wconf 92' lang='lat' dir='ltr'>parte</span> <span class='ocrx_word' id='word_1_176' title='bbox 1785 2138 1964 2199; x_wconf 86' lang='lat' dir='ltr'>nuda.</span> <span class='ocrx_word' id='word_1_177' title='bbox 2289 2169 2350 2204; x_wconf 83' lang='lat'>20</span> 
     </span>
    </p>

    <p class='ocr_par' dir='ltr' id='par_1_4' title="bbox 248 2228 2356 3480">
     <span class='ocr_line' id='line_1_22' title="bbox 328 2228 2259 2306; baseline 0 -16"><span class='ocrx_word' id='word_1_178' title='bbox 328 2231 531 2290; x_wconf 93' lang='lat' dir='ltr'>XXII.</span> <span class='ocrx_word' id='word_1_179' title='bbox 574 2229 968 2306; x_wconf 89' lang='lat' dir='ltr'>Agriculturae</span> <span class='ocrx_word' id='word_1_180' title='bbox 1024 2247 1145 2287; x_wconf 89' lang='lat' dir='ltr'>non</span> <span class='ocrx_word' id='word_1_181' title='bbox 1200 2228 1456 2301; x_wconf 90' lang='lat' dir='ltr'>student,</span> <span class='ocrx_word' id='word_1_182' title='bbox 1508 2231 1808 2306; x_wconf 88' lang='lat' dir='ltr'>maiorque</span> <span class='ocrx_word' id='word_1_183' title='bbox 1865 2248 1998 2306; x_wconf 90' lang='lat' dir='ltr'>pars</span> <span class='ocrx_word' id='word_1_184' title='bbox 2056 2248 2259 2290; x_wconf 89' lang='lat' dir='ltr'>eorum</span> 
     </span>
     <span class='ocr_line' id='line_1_23' title="bbox 248 2320 2261 2398; baseline -0.001 -16"><span class='ocrx_word' id='word_1_185' title='bbox 248 2323 437 2382; x_wconf 91' lang='lat' dir='ltr'>victus</span> <span class='ocrx_word' id='word_1_186' title='bbox 465 2322 526 2380; x_wconf 91' lang='lat' dir='ltr'>in</span> <span class='ocrx_word' id='word_1_187' title='bbox 554 2321 724 2393; x_wconf 89' lang='lat' dir='ltr'>lacte,</span> <span class='ocrx_word' id='word_1_188' title='bbox 754 2338 948 2391; x_wconf 86' lang='lat' dir='ltr'>case0,</span> <span class='ocrx_word' id='word_1_189' title='bbox 979 2337 1154 2377; x_wconf 83' lang='lat' dir='ltr'>carne</span> <span class='ocrx_word' id='word_1_190' title='bbox 1194 2320 1476 2378; x_wconf 87' lang='lat' dir='ltr'>consistit.</span> <span class='ocrx_word' id='word_1_191' title='bbox 1562 2321 1772 2396; x_wconf 91' lang='lat' dir='ltr'>Neque</span> <span class='ocrx_word' id='word_1_192' title='bbox 1803 2322 2112 2398; x_wconf 90' lang='lat' dir='ltr'>quisquam</span> <span class='ocrx_word' id='word_1_193' title='bbox 2143 2322 2261 2398; x_wconf 90' lang='lat' dir='ltr'>agri</span> 
     </span>
     <span class='ocr_line' id='line_1_24' title="bbox 248 2410 2263 2488; baseline -0.001 -14"><span class='ocrx_word' id='word_1_194' title='bbox 248 2413 497 2474; x_wconf 90' lang='lat' dir='ltr'>modum</span> <span class='ocrx_word' id='word_1_195' title='bbox 543 2421 766 2472; x_wconf 89' lang='lat' dir='ltr'>certum</span> <span class='ocrx_word' id='word_1_196' title='bbox 808 2420 907 2469; x_wconf 91' lang='lat' dir='ltr'>aut</span> <span class='ocrx_word' id='word_1_197' title='bbox 943 2411 1089 2469; x_wconf 91' lang='lat' dir='ltr'>fines</span> <span class='ocrx_word' id='word_1_198' title='bbox 1133 2410 1309 2469; x_wconf 91' lang='lat' dir='ltr'>habet</span> <span class='ocrx_word' id='word_1_199' title='bbox 1349 2412 1634 2486; x_wconf 91' lang='lat' dir='ltr'>proprios,</span> <span class='ocrx_word' id='word_1_200' title='bbox 1665 2411 1771 2471; x_wconf 92' lang='lat' dir='ltr'>sed</span> <span class='ocrx_word' id='word_1_201' title='bbox 1800 2413 2164 2488; x_wconf 87' lang='lat' dir='ltr'>magistratus</span> <span class='ocrx_word' id='word_1_202' title='bbox 2192 2431 2263 2471; x_wconf 90' lang='lat' dir='ltr'>ac</span> 
     </span>
     <span class='ocr_line' id='line_1_25' title="bbox 249 2501 2261 2584; baseline -0.001 -20"><span class='ocrx_word' id='word_1_203' title='bbox 249 2506 546 2584; x_wconf 85' lang='lat' dir='ltr'>principes</span> <span class='ocrx_word' id='word_1_204' title='bbox 574 2505 633 2563; x_wconf 92' lang='lat' dir='ltr'>in</span> <span class='ocrx_word' id='word_1_205' title='bbox 662 2521 850 2563; x_wconf 91' lang='lat' dir='ltr'>annos</span> <span class='ocrx_word' id='word_1_206' title='bbox 878 2502 1133 2578; x_wconf 90' lang='lat' dir='ltr'>singulos</span> <span class='ocrx_word' id='word_1_207' title='bbox 1160 2501 1430 2578; x_wconf 85' lang='lat' dir='ltr'>gentibus</span> <span class='ocrx_word' id='word_1_208' title='bbox 1469 2503 2030 2579; x_wconf 87' lang='lat' dir='ltr'>cognationibusque</span> <span class='ocrx_word' id='word_1_209' title='bbox 2076 2503 2261 2562; x_wconf 91' lang='lat' dir='ltr'>homi-</span> 
     </span>
     <span class='ocr_line' id='line_1_26' title="bbox 248 2593 2351 2672; baseline -0.003 -16"><span class='ocrx_word' id='word_1_210' title='bbox 248 2616 416 2670; x_wconf 87' lang='lat' dir='ltr'>num,</span> <span class='ocrx_word' id='word_1_211' title='bbox 460 2596 560 2672; x_wconf 92' lang='lat' dir='ltr'>qui</span> <span class='ocrx_word' id='word_1_212' title='bbox 601 2605 725 2654; x_wconf 89' lang='lat' dir='ltr'>tum</span> <span class='ocrx_word' id='word_1_213' title='bbox 767 2613 885 2652; x_wconf 89' lang='lat' dir='ltr'>una</span> <span class='ocrx_word' id='word_1_214' title='bbox 926 2593 1209 2664; x_wconf 90' lang='lat' dir='ltr'>coierunt,</span> <span class='ocrx_word' id='word_1_215' title='bbox 1240 2603 1524 2668; x_wconf 87' lang='lat' dir='ltr'>quantum</span> <span class='ocrx_word' id='word_1_216' title='bbox 1553 2602 1612 2651; x_wconf 94' lang='lat' dir='ltr'>et</span> <span class='ocrx_word' id='word_1_217' title='bbox 1640 2612 1760 2669; x_wconf 87' lang='lat' dir='ltr'>quo</span> <span class='ocrx_word' id='word_1_218' title='bbox 1787 2595 1922 2653; x_wconf 94' lang='lat' dir='ltr'>loco</span> <span class='ocrx_word' id='word_1_219' title='bbox 1951 2595 2136 2653; x_wconf 90' lang='lat' dir='ltr'>visum</span> <span class='ocrx_word' id='word_1_220' title='bbox 2176 2603 2266 2654; x_wconf 90' lang='lat' dir='ltr'>est</span> <span class='ocrx_word' id='word_1_221' title='bbox 2291 2612 2351 2665; x_wconf 85' lang='lat'>²5</span> 
     </span>
     <span class='ocr_line' id='line_1_27' title="bbox 250 2684 2264 2766; baseline -0.001 -20"><span class='ocrx_word' id='word_1_222' title='bbox 250 2688 393 2766; x_wconf 87' lang='lat' dir='ltr'>agri,</span> <span class='ocrx_word' id='word_1_223' title='bbox 436 2687 755 2746; x_wconf 88' lang='lat' dir='ltr'>attribuunt</span> <span class='ocrx_word' id='word_1_224' title='bbox 784 2696 959 2760; x_wconf 91' lang='lat' dir='ltr'>atque</span> <span class='ocrx_word' id='word_1_225' title='bbox 990 2702 1147 2743; x_wconf 91' lang='lat' dir='ltr'>anno</span> <span class='ocrx_word' id='word_1_226' title='bbox 1185 2693 1321 2759; x_wconf 91' lang='lat' dir='ltr'>post</span> <span class='ocrx_word' id='word_1_227' title='bbox 1358 2684 1473 2743; x_wconf 80' lang='lat' dir='ltr'>alio</span> <span class='ocrx_word' id='word_1_228' title='bbox 1515 2685 1754 2743; x_wconf 91' lang='lat' dir='ltr'>transire</span> <span class='ocrx_word' id='word_1_229' title='bbox 1797 2695 2035 2761; x_wconf 90' lang='lat' dir='ltr'>cogunt.</span> <span class='ocrx_word' id='word_1_230' title='bbox 2121 2685 2264 2745; x_wconf 90' lang='lat' dir='ltr'>Eius</span> 
     </span>
     <span class='ocr_line' id='line_1_28' title="bbox 250 2775 2264 2853; baseline -0.001 -14"><span class='ocrx_word' id='word_1_231' title='bbox 250 2780 336 2839; x_wconf 90' lang='lat' dir='ltr'>rei</span> <span class='ocrx_word' id='word_1_232' title='bbox 377 2780 589 2838; x_wconf 90' lang='lat' dir='ltr'>multas</span> <span class='ocrx_word' id='word_1_233' title='bbox 636 2777 881 2836; x_wconf 85' lang='lat' dir='ltr'>afferunt</span> <span class='ocrx_word' id='word_1_234' title='bbox 930 2795 1169 2836; x_wconf 86' lang='lat' dir='ltr'>causas:</span> <span class='ocrx_word' id='word_1_235' title='bbox 1230 2794 1306 2834; x_wconf 89' lang='lat' dir='ltr'>ne</span> <span class='ocrx_word' id='word_1_236' title='bbox 1349 2775 1585 2834; x_wconf 88' lang='lat' dir='ltr'>assidua</span> <span class='ocrx_word' id='word_1_237' title='bbox 1629 2777 2058 2836; x_wconf 91' lang='lat' dir='ltr'>consuetudine</span> <span class='ocrx_word' id='word_1_238' title='bbox 2105 2777 2264 2853; x_wconf 90' lang='lat' dir='ltr'>capti</span> 
     </span>
     <span class='ocr_line' id='line_1_29' title="bbox 252 2867 2263 2944; baseline -0.002 -14"><span class='ocrx_word' id='word_1_239' title='bbox 252 2870 512 2930; x_wconf 90' lang='lat' dir='ltr'>studium</span> <span class='ocrx_word' id='word_1_240' title='bbox 550 2869 684 2929; x_wconf 87' lang='lat' dir='ltr'>belli</span> <span class='ocrx_word' id='word_1_241' title='bbox 718 2867 960 2944; x_wconf 87' lang='lat' dir='ltr'>gerendi</span> <span class='ocrx_word' id='word_1_242' title='bbox 1002 2867 1345 2943; x_wconf 88' lang='lat' dir='ltr'>agricultura</span> <span class='ocrx_word' id='word_1_243' title='bbox 1388 2877 1792 2940; x_wconf 81' lang='lat' dir='ltr'>commutent3</span> <span class='ocrx_word' id='word_1_244' title='bbox 1835 2886 1911 2926; x_wconf 91' lang='lat' dir='ltr'>ne</span> <span class='ocrx_word' id='word_1_245' title='bbox 1942 2868 2088 2926; x_wconf 89' lang='lat' dir='ltr'>latos</span> <span class='ocrx_word' id='word_1_246' title='bbox 2118 2868 2263 2927; x_wconf 89' lang='lat' dir='ltr'>fines</span> 
     </span>
     <span class='ocr_line' id='line_1_30' title="bbox 252 2958 2260 3038; baseline -0.001 -19"><span class='ocrx_word' id='word_1_247' title='bbox 252 2979 455 3038; x_wconf 87' lang='lat' dir='ltr'>parare</span> <span class='ocrx_word' id='word_1_248' title='bbox 484 2958 759 3019; x_wconf 89' lang='lat' dir='ltr'>studeant</span> <span class='ocrx_word' id='word_1_249' title='bbox 786 2959 1260 3034; x_wconf 88' lang='lat' dir='ltr'>potentioresque</span> <span class='ocrx_word' id='word_1_250' title='bbox 1299 2958 1634 3018; x_wconf 90' lang='lat' dir='ltr'>humiliores</span> <span class='ocrx_word' id='word_1_251' title='bbox 1669 2959 2135 3034; x_wconf 87' lang='lat' dir='ltr'>possessionibus</span> <span class='ocrx_word' id='word_1_252' title='bbox 2165 2976 2260 3017; x_wconf 88' lang='lat' dir='ltr'>ex-</span> 
     </span>
     <span class='ocr_line' id='line_1_31' title="bbox 254 3049 2356 3128; baseline 0 -18"><span class='ocrx_word' id='word_1_253' title='bbox 254 3053 472 3128; x_wconf 84' lang='lat' dir='ltr'>pellant</span> <span class='ocrx_word' id='word_1_254' title='bbox 492 3072 511 3124; x_wconf 81' lang='lat'><em>3</em></span> <span class='ocrx_word' id='word_1_255' title='bbox 553 3070 629 3109; x_wconf 90' lang='lat' dir='ltr'>ne</span> <span class='ocrx_word' id='word_1_256' title='bbox 658 3049 979 3109; x_wconf 85' lang='lat' dir='ltr'>accuratius</span> <span class='ocrx_word' id='word_1_257' title='bbox 1017 3049 1093 3108; x_wconf 90' lang='lat' dir='ltr'>ad</span> <span class='ocrx_word' id='word_1_258' title='bbox 1122 3049 1329 3125; x_wconf 89' lang='lat' dir='ltr'>frigora</span> <span class='ocrx_word' id='word_1_259' title='bbox 1362 3060 1538 3125; x_wconf 90' lang='lat' dir='ltr'>atque</span> <span class='ocrx_word' id='word_1_260' title='bbox 1578 3059 1770 3108; x_wconf 89' lang='lat' dir='ltr'>aestus</span> <span class='ocrx_word' id='word_1_261' title='bbox 1799 3049 2066 3108; x_wconf 90' lang='lat' dir='ltr'>vitandos</span> <span class='ocrx_word' id='word_1_262' title='bbox 2105 3049 2264 3109; x_wconf 89' lang='lat' dir='ltr'>aedi·</span> <span class='ocrx_word' id='word_1_263' title='bbox 2292 3059 2356 3110; x_wconf 85' lang='lat'>30</span> 
     </span>
     <span class='ocr_line' id='line_1_32' title="bbox 254 3141 2265 3218; baseline -0.001 -15"><span class='ocrx_word' id='word_1_264' title='bbox 254 3144 472 3216; x_wconf 83' lang='lat' dir='ltr'>ficent3</span> <span class='ocrx_word' id='word_1_265' title='bbox 517 3161 593 3200; x_wconf 90' lang='lat' dir='ltr'>ne</span> <span class='ocrx_word' id='word_1_266' title='bbox 622 3160 740 3218; x_wconf 90' lang='lat' dir='ltr'>qua</span> <span class='ocrx_word' id='word_1_267' title='bbox 767 3141 982 3200; x_wconf 88' lang='lat' dir='ltr'>oriatur</span> <span class='ocrx_word' id='word_1_268' title='bbox 1008 3142 1295 3217; x_wconf 90' lang='lat' dir='ltr'>pecuniae</span> <span class='ocrx_word' id='word_1_269' title='bbox 1326 3141 1637 3217; x_wconf 71' lang='lat' dir='ltr'>cupiditas»,</span> <span class='ocrx_word' id='word_1_270' title='bbox 1663 3159 1780 3218; x_wconf 89' lang='lat' dir='ltr'>qua</span> <span class='ocrx_word' id='word_1_271' title='bbox 1802 3159 1875 3199; x_wconf 87' lang='lat' dir='ltr'>ex</span> <span class='ocrx_word' id='word_1_272' title='bbox 1896 3161 1957 3200; x_wconf 90' lang='lat' dir='ltr'>re</span> <span class='ocrx_word' id='word_1_273' title='bbox 1982 3142 2265 3201; x_wconf 90' lang='lat' dir='ltr'>factiones</span> 
     </span>
     <span class='ocr_line' id='line_1_33' title="bbox 256 3233 2262 3310; baseline -0 -16"><span class='ocrx_word' id='word_1_274' title='bbox 256 3234 768 3310; x_wconf 87' lang='lat' dir='ltr'>dissensionesque</span> <span class='ocrx_word' id='word_1_275' title='bbox 812 3243 1163 3305; x_wconf 87' lang='lat' dir='ltr'>nascuntur3</span> <span class='ocrx_word' id='word_1_276' title='bbox 1207 3242 1271 3291; x_wconf 91' lang='lat' dir='ltr'>ut</span> <span class='ocrx_word' id='word_1_277' title='bbox 1304 3233 1481 3290; x_wconf 89' lang='lat' dir='ltr'>animi</span> <span class='ocrx_word' id='word_1_278' title='bbox 1517 3233 1808 3310; x_wconf 89' lang='lat' dir='ltr'>aequitate</span> <span class='ocrx_word' id='word_1_279' title='bbox 1844 3234 2078 3309; x_wconf 90' lang='lat' dir='ltr'>plebem</span> <span class='ocrx_word' id='word_1_280' title='bbox 2121 3253 2262 3293; x_wconf 90' lang='lat' dir='ltr'>con-</span> 
     </span>
     <span class='ocr_line' id='line_1_34' title="bbox 255 3325 2265 3402; baseline -0.001 -16"><span class='ocrx_word' id='word_1_281' title='bbox 255 3328 498 3397; x_wconf 90' lang='lat' dir='ltr'>tineant,</span> <span class='ocrx_word' id='word_1_282' title='bbox 542 3344 679 3384; x_wconf 89' lang='lat' dir='ltr'>cum</span> <span class='ocrx_word' id='word_1_283' title='bbox 718 3342 853 3384; x_wconf 90' lang='lat' dir='ltr'>suas</span> <span class='ocrx_word' id='word_1_284' title='bbox 894 3325 1139 3400; x_wconf 87' lang='lat' dir='ltr'>quisque</span> <span class='ocrx_word' id='word_1_285' title='bbox 1184 3343 1327 3400; x_wconf 92' lang='lat' dir='ltr'>opes</span> <span class='ocrx_word' id='word_1_286' title='bbox 1374 3343 1510 3384; x_wconf 89' lang='lat' dir='ltr'>cum</span> <span class='ocrx_word' id='word_1_287' title='bbox 1560 3325 1979 3400; x_wconf 90' lang='lat' dir='ltr'>potentissimis</span> <span class='ocrx_word' id='word_1_288' title='bbox 2029 3328 2265 3402; x_wconf 85' lang='lat' dir='ltr'>aequari</span> 
     </span>
     <span class='ocr_line' id='line_1_35' title="bbox 256 3420 473 3480; baseline -0.009 -2"><span class='ocrx_word' id='word_1_289' title='bbox 256 3420 473 3480; x_wconf 89' lang='lat' dir='ltr'>videat.</span> 
     </span>
    </p>

    <p class='ocr_par' dir='ltr' id='par_1_5' title="bbox 258 3508 2355 3863">
     <span class='ocr_line' id='line_1_36' title="bbox 336 3508 2355 3587; baseline -0.001 -17"><span class='ocrx_word' id='word_1_290' title='bbox 336 3511 570 3570; x_wconf 93' lang='lat' dir='ltr'>XXIII.</span> <span class='ocrx_word' id='word_1_291' title='bbox 614 3508 955 3569; x_wconf 86' lang='lat' dir='ltr'>Civitatibus</span> <span class='ocrx_word' id='word_1_292' title='bbox 990 3509 1241 3567; x_wconf 85' lang='lat' dir='ltr'>maxima</span> <span class='ocrx_word' id='word_1_293' title='bbox 1268 3508 1390 3568; x_wconf 90' lang='lat' dir='ltr'>laus</span> <span class='ocrx_word' id='word_1_294' title='bbox 1421 3519 1508 3568; x_wconf 90' lang='lat' dir='ltr'>est</span> <span class='ocrx_word' id='word_1_295' title='bbox 1535 3528 1712 3587; x_wconf 88' lang='lat' dir='ltr'>quam</span> <span class='ocrx_word' id='word_1_296' title='bbox 1742 3513 2016 3572; x_wconf 88' lang='lat' dir='ltr'>latissime</span> <span class='ocrx_word' id='word_1_297' title='bbox 2045 3510 2266 3570; x_wconf 89' lang='lat' dir='ltr'>circum</span> <span class='ocrx_word' id='word_1_298' title='bbox 2294 3525 2355 3577; x_wconf 84' lang='lat'>35</span> 
     </span>
     <span class='ocr_line' id='line_1_37' title="bbox 258 3597 2268 3680; baseline -0 -19"><span class='ocrx_word' id='word_1_299' title='bbox 258 3620 320 3661; x_wconf 90' lang='lat' dir='ltr'>se</span> <span class='ocrx_word' id='word_1_300' title='bbox 348 3601 583 3660; x_wconf 85' lang='lat' dir='ltr'>vastatis</span> <span class='ocrx_word' id='word_1_301' title='bbox 611 3601 825 3660; x_wconf 86' lang='lat' dir='ltr'>finibus</span> <span class='ocrx_word' id='word_1_302' title='bbox 854 3597 1192 3658; x_wconf 90' lang='lat' dir='ltr'>solitudines</span> <span class='ocrx_word' id='word_1_303' title='bbox 1230 3599 1463 3659; x_wconf 89' lang='lat' dir='ltr'>habere.</span> <span class='ocrx_word' id='word_1_304' title='bbox 1550 3603 1691 3661; x_wconf 93' lang='lat' dir='ltr'>Hoc</span> <span class='ocrx_word' id='word_1_305' title='bbox 1720 3605 2018 3680; x_wconf 88' lang='lat' dir='ltr'>proprium</span> <span class='ocrx_word' id='word_1_306' title='bbox 2048 3601 2268 3660; x_wconf 88' lang='lat' dir='ltr'>virtutis</span> 
     </span>
     <span class='ocr_line' id='line_1_38' title="bbox 261 3689 2265 3770; baseline -0.001 -17"><span class='ocrx_word' id='word_1_307' title='bbox 261 3693 609 3765; x_wconf 80' lang='lat' dir='ltr'>existimant,</span> <span class='ocrx_word' id='word_1_308' title='bbox 630 3691 914 3768; x_wconf 79' lang='lat' dir='ltr'>expulsos</span> <span class='ocrx_word' id='word_1_309' title='bbox 942 3690 1090 3767; x_wconf 86' lang='lat' dir='ltr'>agris</span> <span class='ocrx_word' id='word_1_310' title='bbox 1117 3690 1396 3750; x_wconf 90' lang='lat' dir='ltr'>finitimos</span> <span class='ocrx_word' id='word_1_311' title='bbox 1425 3689 1637 3752; x_wconf 90' lang='lat' dir='ltr'>cedere</span> <span class='ocrx_word' id='word_1_312' title='bbox 1681 3710 1874 3768; x_wconf 90' lang='lat' dir='ltr'>neque</span> <span class='ocrx_word' id='word_1_313' title='bbox 1905 3709 2265 3770; x_wconf 89' lang='lat' dir='ltr'>quemquam</span> 
     </span>
     <span class='ocr_line' id='line_1_39' title="bbox 260 3781 2264 3863; baseline -0 -20"><span class='ocrx_word' id='word_1_314' title='bbox 260 3801 447 3863; x_wconf 84' lang='lat' dir='ltr'>prope</span> <span class='ocrx_word' id='word_1_315' title='bbox 494 3781 715 3844; x_wconf 86' lang='lat' dir='ltr'>audere</span> <span class='ocrx_word' id='word_1_316' title='bbox 764 3781 1119 3853; x_wconf 81' lang='lat' dir='ltr'>consistere3</span> <span class='ocrx_word' id='word_1_317' title='bbox 1177 3781 1346 3842; x_wconf 86' lang='lat' dir='ltr'>simul</span> <span class='ocrx_word' id='word_1_318' title='bbox 1391 3781 1508 3842; x_wconf 86' lang='lat' dir='ltr'>hoc</span> <span class='ocrx_word' id='word_1_319' title='bbox 1558 3801 1620 3843; x_wconf 90' lang='lat' dir='ltr'>se</span> <span class='ocrx_word' id='word_1_320' title='bbox 1664 3783 1785 3840; x_wconf 89' lang='lat' dir='ltr'>fore</span> <span class='ocrx_word' id='word_1_321' title='bbox 1829 3784 2069 3843; x_wconf 89' lang='lat' dir='ltr'>tutiores</span> <span class='ocrx_word' id='word_1_322' title='bbox 2119 3785 2264 3845; x_wconf 90' lang='lat' dir='ltr'>arbi-</span> 
     </span>
    </p>
   </div>
  </div>
 </body>
</html>
