2796 4207
504 217 626 288 152
1138 234 1245 287 DE
1301 234 1552 286 BELLo
1607 233 1952 287 GALLlco

585 401 740 477 prius
782 400 859 458 illi
901 397 1261 458 detrahenda
1308 398 1519 455 auxilia
1560 396 1939 469 existimabat,
1985 416 2160 473 quam
2202 398 2391 473 ipsum
2435 399 2590 457 bello

584 492 905 563 lacesseret,
930 508 1005 549 ne
1034 490 1342 565 desperata
1368 488 1551 547 salute
1580 496 1679 546 aut
1707 506 1769 546 se
1799 488 1858 544 in
1883 488 2194 563 Menapios
2223 488 2466 547 abderet
2493 499 2593 546 aut

584 602 717 641 cum
748 581 1204 644 Transrhenanis
1242 578 1524 655 congredi
1566 590 1887 653 cogeretur.
1975 579 2116 637 Hoc
2160 579 2301 638 inito
2345 580 2590 638 consilio

582 676 756 734 totius
785 674 1070 733 exercitus
1105 671 1526 747 impedimenta
1553 670 1630 728 ad
1667 670 1986 729 Labienum
2017 671 2075 729 in
2101 672 2156 728 T
2156 672 2590 729 reverosmittit

529 770 555 823 5
583 766 845 842 duasque
886 764 1145 841 legiones
1186 762 1263 821 ad
1306 781 1440 821 eum
1470 762 1762 837 proficisci
1791 762 1989 835 iubet3
2032 763 2320 838 ipsecum
2349 762 2588 838 legioni-

581 858 688 916 bus
730 854 1015 932 expeditis
1058 855 1317 930 quinque
1362 854 1423 911 in
1462 854 1776 928 Menapios
1816 852 2216 928 proficiscitur.
2301 854 2391 911 Illi
2433 854 2592 911 nulla

581 958 787 1007 coacta
836 965 1010 1005 manu
1060 946 1173 1004 loci
1224 943 1514 1022 praesidio
1558 944 1684 1003 freti
1729 944 1789 1002 in
1830 945 1998 1004 silvas
2040 945 2402 1021 paludesque
2445 964 2589 1003 con-

582 1040 805 1115 fugiunt
848 1056 1067 1113 suaque
1110 1036 1323 1095 eodem
1369 1035 1694 1095 conferunt.

659 1131 763 1187 VI.
809 1130 1025 1188 Caesar
1051 1128 1271 1204 partitis
1302 1127 1488 1202 copiis
1517 1144 1654 1185 cum
1678 1127 1829 1186 Gaio
1860 1128 2043 1186 Fabio
2073 1127 2264 1204 legato
2295 1139 2354 1186 et
2379 1128 2588 1185 Marco

496 1230 555 1267 ¹0
580 1222 791 1280 Crasso
820 1231 1126 1295 quaestore
1159 1219 1539 1293 celeriterque
1569 1218 1791 1277 effectis
1818 1219 2097 1294 pontibus
2127 1219 2247 1277 adit
2280 1218 2585 1294 tripertito,

579 1311 846 1370 aedificia
886 1312 1165 1387 vicosque
1210 1308 1489 1380 incendit,
1536 1328 1747 1385 magno
1790 1311 2020 1385 pecoris
2061 1320 2235 1385 atque
2281 1310 2588 1368 hominum

578 1420 823 1460 numero
872 1402 1103 1478 potitur.
1188 1400 1418 1475 Quibus
1465 1401 1638 1460 rebus
1687 1402 1876 1459 coacti
1923 1402 2185 1477 Menapii
2234 1401 2457 1477 legatos
2505 1400 2588 1459 ad

579 1516 714 1556 eum
757 1498 917 1574 pacis
958 1494 1251 1572 petendae
1295 1514 1474 1554 causa
1516 1496 1766 1555 mittunt.
1854 1496 1958 1554 Ille
1995 1496 2293 1555 obsidibus
2327 1498 2590 1572 acceptis

580 1590 833 1648 hostium
870 1607 933 1647 se
972 1588 1300 1659 habitururn
1340 1606 1587 1646 numero
1629 1588 1953 1660 confirmat,
1987 1589 2032 1646 si
2061 1597 2159 1646 aut
2187 1587 2589 1665 Ambiorigem

496 1691 553 1744 15
577 1691 677 1738 aut
724 1681 848 1739 eius
896 1680 1113 1755 legatos
1161 1678 1369 1737 finibus
1426 1679 1544 1737 suis
1599 1679 1971 1754 recepissent.
2060 1679 2174 1737 His
2227 1678 2587 1737 confirmatis

578 1771 750 1830 rebus
792 1770 1129 1830 Commium
1173 1770 1510 1829 Atrebatem
1555 1788 1690 1828 cum
1742 1769 2001 1845 equitatu
2044 1768 2304 1828 custodis
2346 1770 2481 1829 loco
2523 1771 2589 1830 in

580 1863 872 1939 Menapiis
899 1862 1189 1938 relinquit,
1219 1862 1344 1938 ipse
1373 1862 1435 1920 in
1460 1862 1746 1921 Treveros
1773 1862 2171 1938 proficiscitur.

1092 2014 1378 2070 Labienus
1401 2031 1671 2086 conquers
1695 2014 1789 2069 the
1822 2016 1875 2069 T
1867 2017 2066 2071 reveri.

657 2144 796 2202 VII.
842 2145 1003 2202 Dum
1045 2142 1192 2202 haec
1235 2161 1271 2200 a
1309 2143 1560 2202 Caesare
1602 2151 1894 2218 geruntur,
1937 2142 2171 2200 Treveri
2215 2142 2436 2218 magnis
2477 2160 2584 2200 co-

576 2235 721 2293 actis
762 2233 1052 2309 peditatus
1095 2235 1503 2310 equitatusque
1546 2235 1730 2309 copiis
1761 2233 2084 2292 Labienum
2117 2251 2252 2291 cum
2292 2251 2408 2290 una
2442 2233 2584 2308 legi-

490 2339 552 2374 20
576 2342 710 2398 one,
760 2343 909 2401 quae
960 2326 1019 2382 in
1068 2344 1270 2384 eorum
1320 2325 1532 2384 finibus
1589 2324 1960 2398 hiemaverat,
2009 2324 2221 2383 adoriri
2277 2324 2583 2399 parabant,

398 2407 407 2412 ’
577 2417 808 2492 iamque
865 2417 940 2475 ab
988 2434 1062 2474 eo
1116 2435 1237 2474 non
1293 2416 1521 2492 longius
1575 2415 1739 2474 bidui
1784 2416 1876 2474 via
1930 2416 2185 2487 aberant,
2243 2434 2381 2473 cum
2436 2414 2587 2474 duas

577 2508 799 2566 venisse
843 2508 1101 2584 legiones
1144 2509 1322 2567 missu
1358 2509 1622 2568 Caesaris
1666 2518 2048 2586 cognoscunt.
2135 2509 2340 2566 Positis
2383 2509 2588 2566 castris

577 2617 612 2656 a
652 2599 881 2657 milibus
923 2617 1196 2673 passuum
1226 2617 1307 2657 xv
1346 2600 1557 2658 auxilia
1586 2602 2014 2660 Germanorum
2056 2599 2406 2674 exspectare
2439 2617 2585 2657 con-

576 2693 833 2749 stituunt.
914 2691 1201 2749 Labienus
1231 2690 1484 2749 hostium
1515 2693 1753 2768 cognito
1783 2692 2045 2763 consili0,
2069 2711 2325 2767 sperans,
2351 2693 2586 2750 temeri-

488 2813 516 2849 2
524 2816 549 2866 5
576 2791 692 2838 tate
722 2799 921 2839 eorum
952 2781 1074 2840 fore
1103 2781 1355 2856 aliquam
1386 2780 1706 2840 dimicandi
1728 2783 2078 2854 facultatem,
2107 2781 2396 2857 praesidio
2419 2787 2588 2857 quin·

577 2889 692 2945 que
748 2871 1076 2930 cohortium
1133 2871 1568 2947 impedimentis
1622 2873 1824 2931 relicto
1876 2891 2013 2930 cum
2062 2873 2261 2947 viginti
2318 2874 2585 2949 quinque

577 2961 915 3021 cohortibus
958 2981 1287 3037 magnoque
1333 2964 1593 3039 equitatu
1622 2974 1826 3021 contra
1854 2964 2082 3022 hostem
2111 2964 2496 3038 proficiscitur
2525 2974 2586 3021 et

578 3053 731 3110 mille
760 3071 1035 3128 passuum
1064 3053 1388 3112 intermisso
1418 3053 1607 3129 spatio
1636 3063 1822 3112 castra
1851 3055 2190 3112 communit.
2273 3056 2413 3112 Erat
2435 3055 2587 3112 inter

582 3143 899 3202 Labienum
922 3154 1096 3218 atque
1126 3143 1355 3202 hostem
1384 3143 1602 3203 difficili
1629 3144 1868 3202 transitu
1891 3145 2108 3202 flumen
2136 3144 2392 3219 ripisque
2415 3163 2582 3219 prae-

490 3262 553 3312 30
577 3235 776 3308 ruptis.
861 3234 1001 3292 Hoc
1050 3252 1244 3310 neque
1292 3235 1417 3309 ipse
1467 3235 1704 3294 transire
1749 3235 1999 3294 habebat
2041 3236 2097 3292 in
2141 3236 2340 3293 animo
2386 3253 2582 3309 neque

579 3323 773 3383 hostes
801 3325 1137 3383 transituros
1166 3325 1545 3385 existimabat.
1629 3327 1966 3401 Augebatur
1991 3325 2332 3383 auxiliorum
2365 3325 2583 3384 cotidie

580 3433 729 3490 spes,
814 3415 1097 3491 Loquitur
1124 3416 1184 3474 in
1212 3417 1458 3475 consilio
1492 3417 1702 3492 palam,
1733 3417 2011 3492 quoniam
2045 3416 2326 3475 Germani
2370 3435 2580 3493 appro-

580 3506 860 3580 pinquare
896 3504 1177 3578 dicantur,
1209 3525 1336 3565 sese
1366 3527 1498 3566 suas
1528 3507 1931 3584 exercitusque
1961 3508 2216 3566 fortunas
2244 3508 2305 3565 in
2335 3507 2579 3566 dubium

579 3614 701 3654 non
730 3595 1146 3654 devocaturum
1177 3607 1236 3654 et
1264 3606 1501 3672 postero
1530 3597 1626 3656 die
1656 3601 1841 3673 prima
1874 3599 2004 3657 luce
2039 3608 2227 3656 castra
2268 3609 2580 3657 moturum.

494 3708 555 3760 35
582 3685 861 3743 Celeriter
901 3686 1047 3743 haec
1089 3685 1165 3744 ad
1209 3687 1407 3745 hostes
1447 3687 1801 3759 deferuntur,
1832 3699 1895 3746 ut
1924 3708 1997 3748 ex
2038 3708 2253 3764 magno
2283 3690 2582 3748 Gallorum

584 3777 843 3850 equitum
872 3795 1115 3834 numero
1145 3778 1456 3836 nonnullos
1485 3780 1721 3839 Gallicis
1747 3780 1918 3838 rebus
1947 3781 2136 3838 favere
2165 3792 2374 3838 natura
2409 3797 2580 3855 coge-
