2796 4207
510 260 638 325 188
1162 274 1272 329 DE
1324 274 1582 329 BELLO
1635 275 1983 329 GALLICO

594 440 719 503 nito
764 440 1043 501 Litavicci
1088 438 1331 499 consilio
1382 438 1580 497 media
1620 439 1738 497 fere
1780 448 1956 498 nocte
1997 456 2124 497 rem
2165 438 2243 497 ad
2287 439 2608 499 Caesarem

594 532 819 605 defert;
862 540 1005 603 orat,
1035 548 1111 589 ne
1142 530 1392 605 patiatur
1423 529 1716 588 civitatem
1743 530 1933 605 pravis
1967 528 2432 589 adulescentium
2460 544 2610 587 con-

594 624 730 685 siliis
757 624 833 684 ab
861 623 1113 683 amicitia
1140 621 1341 697 populi
1374 622 1626 681 Romani
1655 620 1947 693 deficere3
1991 620 2156 698 quod
2185 622 2440 680 futurum
2471 636 2608 696 pro·

592 714 805 785 videat,
829 715 876 773 si
917 732 980 772 se
1022 723 1110 771 tot
1151 712 1455 772 hominum
1491 712 1648 771 milia
1687 730 1826 771 cum
1867 712 2130 771 hostibus
2171 711 2610 783 coniunxerint,

542 821 568 873 5
594 824 843 883 quorum
892 805 1136 865 salutem
1183 821 1379 880 neque
1436 804 1749 879 propinqui
1796 804 2102 880 neglegere
2153 820 2348 879 neque
2405 803 2612 862 civitas

594 897 705 956 levi
747 905 1049 955 momento
1092 895 1394 953 aestimare
1437 904 1655 970 posset.

672 986 797 1047 XL.
843 988 1063 1063 Magna
1101 984 1343 1045 affectus
1380 985 1766 1044 sollicitudine
1795 985 1910 1043 hoc
1944 986 2150 1044 nuntio
2178 986 2415 1057 Caesar,
2446 984 2616 1061 quod

593 1095 825 1154 semper
863 1077 1202 1137 Aeduorum
1244 1076 1459 1135 civitati
1495 1077 1809 1152 praecipue
1851 1076 2185 1148 indulserat,
2231 1076 2389 1134 nulla
2433 1077 2612 1135 inter-

592 1170 785 1245 posita
824 1168 1188 1229 dubitatione
1216 1168 1477 1245 legiones
1515 1167 1817 1243 expeditas
1854 1177 2129 1245 quattuor
2163 1167 2614 1243 equitatumque

510 1287 570 1324 ιο
593 1277 834 1320 ornnem
878 1278 953 1318 ex
986 1260 1186 1319 castris
1234 1258 1454 1331 educit,
1491 1276 1604 1317 nec
1643 1259 1750 1318 fuit
1785 1259 2034 1335 spatium
2075 1258 2172 1317 tali
2218 1269 2492 1334 tempore
2538 1258 2618 1318 ad

595 1349 994 1409 contrahenda
1035 1360 1238 1422 castra,
1274 1348 1440 1425 quod
1479 1367 1569 1409 res
1607 1349 1799 1426 posita
1838 1350 1900 1408 in
1941 1349 2234 1408 celeritate
2262 1348 2614 1421 videbatur;

594 1441 808 1501 Gaium
841 1441 1083 1501 Fabium
1123 1441 1375 1517 legatum
1419 1460 1554 1499 cum
1585 1440 1908 1517 legionibus
1945 1440 2170 1500 duabus
2199 1442 2401 1499 castris
2443 1459 2614 1517 prae-

595 1531 745 1591 sidio
771 1530 1060 1608 relinquit.
1148 1532 1373 1590 Fratres
1403 1530 1682 1591 Litavicci
1710 1549 1847 1591 cum
1875 1530 2300 1607 comprehendi
2328 1532 2613 1603 iussisset,

594 1623 769 1698 paulo
796 1632 933 1684 ante
974 1624 1188 1699 reperit
1214 1621 1293 1682 ad
1334 1620 1534 1681 hostes
1561 1622 1791 1698 fugisse.
1875 1621 2230 1682 Adhortatus
2269 1623 2505 1697 milites,
2537 1641 2612 1681 ne

511 1749 529 1785 ι
542 1748 569 1803 5
593 1714 921 1773 necessario
948 1724 1215 1791 tempore
1239 1712 1460 1773 itineris
1486 1712 1682 1773 labore
1719 1722 2185 1789 permoveantur,
2214 1714 2612 1790 cupidissimis

594 1804 866 1864 omnibus
913 1822 1251 1881 progressus
1300 1803 1458 1863 milia
1497 1822 1777 1882 passuum
1819 1821 1958 1877 xxv,
2005 1822 2218 1880 agmen
2263 1806 2611 1865 Aeduorum

593 1896 987 1971 conspicatuS,
1044 1895 1305 1955 immisso
1359 1896 1622 1971 equitatu
1685 1895 1794 1955 iter
1846 1913 2050 1955 eorum
2118 1906 2373 1955 moratur
2430 1908 2609 1973 atque

593 1986 838 2062 impedit
893 1986 1300 2061 interdicitque
1356 1986 1646 2059 omnibuS,
1693 2005 1769 2045 ne
1825 2004 2182 2063 quemquam
2240 1987 2609 2047 interficiant.

596 2077 1059 2155 Eporedorigem
1110 2087 1170 2136 et
1214 2076 1665 2151 Viridomarum,
1715 2096 1865 2154 quos
1914 2077 1992 2136 illi
2035 2077 2369 2137 interfectos
2417 2078 2609 2138 existi-

508 2196 570 2234 ιο
593 2169 848 2242 mabant,
889 2170 1037 2230 inter
1076 2169 1303 2245 equites
1342 2169 1556 2228 versari
1595 2187 1850 2244 suosque
1893 2169 2186 2245 appellare
2227 2169 2408 2228 iubet.
2499 2171 2612 2228 His

594 2260 841 2336 cognitis
871 2271 930 2320 et
964 2261 1241 2319 Litavicci
1284 2259 1485 2319 fraude
1513 2271 1824 2336 perspecta
1864 2259 2057 2319 Aedui
2093 2278 2300 2319 manus
2340 2259 2608 2332 tendere,

593 2350 957 2411 deditionem
1000 2351 1322 2428 significare
1365 2362 1426 2411 et
1473 2351 1748 2428 proiectis
1788 2351 1962 2410 armis
2010 2361 2260 2410 mortem
2301 2350 2608 2429 deprecari

592 2441 892 2519 incipiunt.
975 2443 1301 2501 Litaviccus
1330 2461 1469 2501 cum
1511 2443 1628 2502 suis
1662 2441 1989 2515 clientibus,
2019 2442 2231 2517 quibus
2274 2460 2436 2501 more
2470 2443 2607 2504 Gal·

592 2532 777 2591 lorum
811 2533 971 2592 nefas
1002 2542 1088 2592 est
1129 2533 1305 2591 etiam
1334 2534 1394 2591 in
1436 2543 1694 2593 extrema
1721 2533 1952 2591 fortuna
1994 2531 2261 2593 deserere
2304 2543 2604 2611 patronOS,

507 2643 533 2678 2
539 2641 566 2694 5
594 2624 944 2700 Gergoviam
972 2623 1243 2700 profugit.

687 2793 1039 2849 Meanwhile
1062 2794 1153 2849 tlte
1178 2796 1398 2849 Roman
1430 2795 1609 2865 Camp
1641 2796 1823 2865 before
1848 2796 2127 2867 Gergovia
2154 2797 2206 2850 is
2229 2797 2508 2852 attached.

1326 2877 1438 2930 The
1463 2877 1659 2930 Aedui
1676 2877 1877 2931 revolt.

672 2994 827 3052 XLI.
872 2994 1087 3054 Caesar
1112 2993 1327 3053 nuntiis
1354 2993 1433 3052 ad
1455 2994 1746 3053 civitatem
1770 2993 2110 3054 Aeduorum
2141 2996 2342 3068 missiS,
2367 2997 2470 3071 qui
2499 3015 2602 3055 suo

591 3085 883 3145 beneficio
911 3095 1282 3144 conservatos
1311 3083 1612 3158 docerent,
1643 3104 1792 3161 quos
1821 3087 1942 3145 iure
1972 3087 2107 3146 belli
2136 3087 2464 3145 interficere
2497 3106 2599 3163 po-

589 3175 809 3247 tuisset,
839 3175 1135 3250 tribusque
1164 3175 1321 3236 horis
1361 3177 1551 3235 noctis
1581 3177 1860 3236 exercitui
1888 3177 1964 3236 ad
2007 3177 2268 3253 quietem
2297 3176 2449 3236 datis
2480 3197 2597 3236 cas-

588 3276 677 3325 tra
704 3266 779 3324 ad
810 3267 1163 3343 Gergoviam
1188 3267 1386 3327 movit.
1473 3267 1678 3326 Medio
1717 3269 1835 3326 fere
1865 3269 2066 3327 itinere
2097 3268 2323 3343 equites
2351 3287 2388 3326 a
2419 3269 2598 3327 Fabio

502 3376 567 3428 30
592 3358 768 3430 missi,
799 3368 1021 3433 quanto
1063 3376 1154 3417 res
1183 3362 1241 3416 in
1283 3357 1545 3434 periculo
1586 3359 1773 3431 fuerit,
1803 3370 2127 3435 exponunt.
2212 3360 2464 3420 Summis
2502 3377 2594 3416 co-

590 3447 702 3524 piis
746 3457 933 3507 castra
974 3459 1313 3524 oppugnata
1356 3448 1777 3521 demonstrant,
1822 3469 1958 3508 cum
2002 3451 2206 3510 crebro
2249 3450 2459 3526 integri
2501 3449 2592 3508 de-

592 3537 754 3597 fessis
808 3537 1194 3598 succederent
1246 3548 1596 3615 nostrosque
1651 3539 1886 3598 assiduo
1942 3541 2142 3600 labore
2197 3540 2589 3617 defatigarent,

590 3628 802 3703 quibus
844 3638 1081 3704 propter
1128 3629 1592 3705 magnitudinem
1633 3640 1954 3690 castrorum
1992 3641 2281 3708 perpetuo
2323 3642 2479 3692 esset
2523 3631 2588 3687 is·

590 3717 730 3776 dem
773 3718 834 3776 in
861 3719 1009 3777 vallo
1051 3719 1536 3794 permanendum.
1623 3720 2000 3780 Multitudine
2043 3723 2382 3798 sagittarum
2425 3733 2587 3797 atque

503 3814 564 3868 35
591 3808 781 3866 omnis
806 3809 1035 3883 generis
1062 3808 1310 3868 telorum
1339 3811 1551 3871 multos
1573 3812 1939 3886 vulneratos;
1981 3811 2061 3872 ad
2087 3813 2236 3873 haec
2264 3811 2590 3874 sustinenda
