2796 4207
681 231 828 285 LIB.
877 230 977 284 IV.
1022 229 1193 284 CAP.
1236 228 1801 283 XXVIII-XXXII.
2161 211 2284 276 119

190 395 375 468 utiles,
405 413 634 472 magna,
663 393 725 453 id
752 391 917 469 quod
952 410 1192 451 necesse
1223 401 1345 450 erat
1380 391 1669 464 accidere,
1699 393 1875 452 totius
1909 391 2195 451 exercitus

189 486 543 562 perturbatio
572 485 725 544 facta
751 493 856 544 est.
942 484 1155 559 Neque
1196 482 1353 541 enim
1381 500 1561 541 naves
1589 492 1753 542 erant
1789 482 1954 555 aliae,
1983 483 2194 559 quibus

187 577 466 652 reportari
505 584 763 652 possent,
794 584 853 633 et
893 575 1103 633 omnia·
1120 573 1379 646 deerant,
1412 592 1563 650 quae
1601 573 1678 632 ad
1719 572 2063 632 reficiendas
2090 591 2190 632 na·

188 685 284 726 ves
312 677 478 726 erant
504 667 652 739 usui,
683 675 759 738 et,
783 664 947 743 quod
984 664 1255 724 omnibus
1293 665 1615 737 constabat,
1646 665 1886 723 hiemari
1916 664 1975 722 in
2004 663 2192 723 Gallia

185 768 477 834 oportere,
518 758 869 816 frumentum
912 756 1000 815 his
1041 757 1103 815 in
1143 756 1286 816 locis
1328 756 1388 815 in
1433 756 1687 815 hiemem
1735 756 2030 830 provisum
2071 773 2194 814 non
2220 775 2248 826 ,ς

186 858 322 908 erat.

216 1010 266 1062 T
257 1008 325 1062 he
346 1009 589 1063 Britons
620 1007 1031 1078 treacherously
1054 1007 1245 1062 attach
1285 1007 1534 1071 Caesar;
1571 1005 1722 1062 their
1743 1005 2158 1062 war-chariots.

256 1153 441 1210 XXX.
490 1153 719 1227 Quibus
752 1153 924 1211 rebus
952 1151 1197 1228 cognitis
1224 1151 1518 1228 principes
1548 1151 1896 1223 Britanniae,
1926 1152 2027 1227 qui
2055 1162 2190 1227 post

179 1243 467 1320 proelium
511 1242 586 1302 ad
628 1245 939 1303 Caesarem
982 1253 1394 1314 convenerant,
1434 1243 1582 1301 inter
1623 1261 1684 1301 se
1727 1243 2018 1315 collocuti,
2050 1261 2188 1302 cum

180 1337 407 1412 equites
436 1345 497 1396 et
533 1354 709 1394 naves
749 1346 808 1394 et
835 1336 1187 1394 frumentum
1219 1334 1503 1392 Romanis
1547 1334 1752 1394 deesse
1791 1335 2189 1410 intellegerent

180 1437 237 1486 et
264 1427 623 1504 paucitatem
658 1427 904 1484 militum
933 1445 1006 1484 ex
1039 1436 1357 1484 castrorum
1396 1426 1704 1502 exiguitate
1745 1436 2186 1502 cognoscerent,
2220 1450 2278 1487 10

178 1537 328 1594 quae
380 1519 499 1578 hoc
541 1526 705 1578 erant
753 1517 928 1576 etiam
977 1518 1326 1593 angustiora,
1369 1517 1532 1592 quod
1577 1518 1701 1576 sine
1751 1517 2188 1594 impedimentis

181 1611 396 1670 Caesar
423 1610 1205 1686 legionestransportaverat‚
1229 1609 1516 1685 optimum
1539 1609 1693 1667 factu
1723 1627 1849 1669 esse
1879 1608 2185 1677 duxerunt,

179 1703 496 1762 rebellione
534 1701 687 1760 facta
713 1701 1005 1760 frumento
1043 1712 1496 1779 commeatuque
1536 1713 1764 1761 nostros
1791 1702 2099 1778 prohibere
2130 1714 2188 1760 et

182 1812 301 1853 rem
331 1795 391 1853 in
434 1793 694 1852 hiemem
727 1791 1073 1868 producere,
1104 1793 1268 1868 quod
1306 1792 1395 1853 his
1439 1794 1720 1869 superatis
1748 1803 1848 1852 aut
1880 1792 2070 1852 reditu
2099 1795 2184 1851 in-

183 1885 441 1946 terclusis
482 1885 782 1945 neminem
816 1894 1025 1961 postea
1055 1885 1191 1945 belli
1218 1885 1505 1944 inferendi
1535 1905 1711 1944 causa
1737 1887 1797 1944 in
1832 1886 2187 1945 Britanniam
2221 1909 2275 1962 15

183 1977 552 2036 transiturum
600 1975 998 2036 confidebant.
1085 1978 1292 2054 Itaque
1348 1996 1540 2037 rursus
1589 1977 1990 2037 coniuratione
2037 1978 2189 2037 facta

182 2070 461 2145 paulatim
488 2088 564 2130 ex
591 2069 789 2131 castris
823 2067 1128 2130 discedere
1157 2074 1228 2129 ac
1256 2088 1393 2131 suos
1423 2069 1573 2130 clam
1603 2088 1679 2130 ex
1704 2070 1853 2148 agris
1891 2067 2187 2131 deducere

183 2172 522 2239 coeperunt.

259 2257 477 2319 XXXI.
526 2258 601 2316 At
629 2257 860 2329 Caesar,
885 2256 991 2316 etsi
1021 2255 1283 2316 nondum
1313 2274 1518 2316 eorum
1547 2256 1788 2335 consilia
1816 2265 2186 2332 cognoverat,

184 2356 378 2408 tamen
408 2359 470 2408 et
510 2367 585 2408 ex
612 2359 824 2408 eventu
867 2349 1098 2408 navium
1137 2368 1370 2409 suarum
1413 2359 1473 2409 et
1512 2368 1585 2408 ex
1626 2368 1716 2422 e0,
1747 2347 1910 2424 quod
1951 2346 2189 2406 obsides
2218 2371 2278 2406 20

186 2437 320 2499 dare
360 2441 802 2513 intermiserant,
831 2440 952 2499 fore
993 2440 1071 2513 id,
1107 2440 1270 2517 quod
1307 2439 1542 2513 accidit,
1573 2439 1987 2517 suspicabatur.
2073 2439 2188 2497 Ita·

186 2547 297 2603 que
326 2532 403 2591 ad
444 2550 650 2591 omnes
684 2550 856 2591 casus
894 2531 1149 2591 subsidia
1175 2532 1569 2609 comparabat.
1655 2532 1810 2591 Nam
1850 2541 1908 2590 et
1935 2530 2186 2589 frumen-

187 2630 307 2679 tum
336 2640 411 2681 ex
440 2624 587 2699 agris
632 2622 849 2682 cotidie
877 2624 936 2681 in
970 2632 1157 2683 castra
1192 2624 1532 2683 conferebat
1559 2634 1636 2696 et,
1668 2641 1818 2699 quae
1856 2621 2190 2699 gravissime

190 2712 435 2774 afflictae
485 2725 647 2774 erant
688 2734 882 2787 naveS,
913 2733 1107 2774 earum
1153 2716 1393 2774 materia
1433 2724 1609 2791 atque
1651 2733 1784 2774 acre
1825 2713 1903 2773 ad
1943 2713 2190 2788 reliquas

190 2804 530 2865 reficiendas
550 2794 835 2865 'utebatur
862 2815 937 2877 et,
970 2824 1119 2882 quae
1148 2806 1222 2865 ad
1264 2826 1361 2865 eas
1391 2826 1482 2865 res
1521 2816 1685 2866 erant
1718 2805 1867 2878 usui,
1899 2822 1972 2863 ex
2003 2803 2190 2862 conti·
2219 2816 2280 2870 25

190 2896 348 2954 nenti
380 2896 733 2973 comportari
767 2896 1019 2956 iubebat.
1106 2898 1313 2973 Itaque
1349 2916 1486 2956 cum
1526 2916 1758 2957 summo
1792 2895 1989 2955 studio
2018 2913 2054 2953 a
2082 2894 2189 2951 mi-

191 2985 375 3047 litibus
404 2988 914 3061 administraretur,
937 3006 1022 3048 xn
1050 2991 1290 3049 navibus
1320 2991 1561 3063 amissiS,
1592 2990 1825 3065 reliquis
1847 2998 1911 3047 ut
1939 2986 2191 3061 navigari

192 3079 504 3138 commode
531 3090 747 3155 posset,
779 3079 986 3139 effecit.
2140 3124 2181 3133 -,

268 3169 518 3229 XXXII.
565 3172 724 3229 Dum
768 3189 837 3229 ea
876 3182 1165 3246 geruntur,
1211 3172 1441 3247 legione
1487 3190 1561 3231 ex
1605 3173 2030 3233 consuetudine
2077 3192 2194 3232 una

194 3256 599 3319 frumentatum
629 3262 821 3337 missa,
853 3280 1003 3337 quae
1032 3262 1430 3338 appellabatur
1457 3263 1720 3338 septima,
1752 3282 1944 3340 neque
1974 3264 2089 3323 ulla
2115 3262 2194 3323 ad
2219 3278 2283 3329 30

196 3346 252 3404 id
280 3359 509 3428 tempus
538 3342 673 3411 belli
711 3354 1040 3430 suspicione
1075 3354 1432 3429 interposita,
1463 3372 1598 3411 cum
1633 3373 1764 3430 pars
1799 3355 2104 3414 hominum
2133 3356 2194 3413 in

196 3440 336 3513 agris
376 3452 720 3515 remaneret,
763 3461 895 3519 pars
937 3446 1109 3503 etiam
1153 3445 1213 3503 in
1255 3454 1444 3503 castra
1485 3446 1806 3517 ventitaret,
1851 3446 1906 3518 ii,
1943 3446 2043 3522 qui
2085 3464 2192 3521 pro

196 3532 370 3611 portis
430 3543 750 3592 castrorum
804 3535 866 3592 in
927 3536 1173 3593 statione
1236 3545 1416 3607 erant,
1474 3536 1709 3595 Caesari
1764 3538 2191 3607 nuntiaverunt,

197 3620 487 3692 pulverem
528 3625 827 3698 maiorem,
871 3644 1047 3701 quam
1090 3625 1458 3685 consuetudo
1499 3626 1688 3698 ferret,
1720 3628 1776 3685 in
1821 3646 1890 3685 ea
1927 3637 2089 3702 parte
2116 3628 2195 3685 vi-

201 3709 334 3786 deri,
378 3734 555 3792 quam
604 3716 665 3774 in
705 3726 932 3793 partem
976 3717 1128 3792 legio
1171 3718 1278 3775 iter
1318 3717 1567 3775 fecisset.
1652 3719 1868 3777 Caesar
1907 3717 1987 3789 id,
2032 3717 2192 3792 quod
2222 3734 2283 3786 35

202 3814 330 3877 erat,
374 3809 714 3884 suspicatuS,
757 3808 974 3884 aliquid
1017 3809 1151 3866 novi
1197 3828 1231 3866 a
1271 3810 1524 3866 barbaris
1567 3809 1770 3867 initum
1811 3809 2054 3880 consilii,
2099 3827 2193 3865 co-
