2796 4207
1286 2 1452 15 *na-*V
2509 2 2578 12 vv>

442 171 526 236 50
1082 190 1190 244 DE
1244 191 1498 245 BELLO
1552 190 1897 245 GALLICO

533 355 938 413 Helvetiorum
968 363 1028 413 et
1055 352 1455 430 Allobrogum,
1484 354 1586 429 qui
1626 370 1813 428 nuper
1854 353 2045 429 pacati
2076 362 2256 424 erant,
2290 352 2533 412 Rhoda-

529 464 636 504 nus
693 445 818 504 fluit
872 446 1038 521 isque
1079 445 1371 503 nonnullis
1412 444 1557 503 locis
1605 444 1758 502 vado
1801 445 2085 503 transitur.
2190 444 2534 502 Extremum

529 536 815 611 oppidum
858 535 1235 611 Allobrogum
1277 544 1368 594 est
1408 534 1853 611 proximumque
1887 535 2293 593 Helvetiorum
2322 535 2537 594 finibus

528 629 789 687 Genava.
877 628 968 685 Ex
1009 644 1083 685 eo
1112 626 1338 702 oppido
1379 644 1531 701 pons
1560 625 1638 685 ad
1675 626 1980 685 Helvetios
2023 626 2291 701 pertinet.
2344 622 2531 687 &Allo-

472 732 499 785 5
525 722 800 797 brogibus
830 739 957 779 sese
985 720 1078 778 vel
1119 738 1514 795 persuasuros,
1541 718 1704 795 quod
1746 718 2012 777 nondum
2045 719 2207 777 bono
2233 719 2429 778 animo
2471 720 2531 777 in

524 812 809 889 populum
841 814 1176 888 Romanum
1218 809 1571 883 viderentur,
1612 782 2155 882 existiinabantJVeI
2194 808 2251 867 vi
2293 820 2527 869 coactu-

525 922 636 974 τος,
681 912 746 962 ut
793 921 898 979 per
946 920 1082 962 suos
1127 902 1274 960 fines
1317 920 1421 960 eos
1462 902 1543 959 ire
1586 909 1936 976 paterentur.
1972 936 1981 943 ·
2023 900 2313 967 Omnibus
2357 901 2533 960 rebus

524 994 601 1053 ad
629 993 1054 1071 profectionem
1084 993 1433 1069 comparatis
1478 991 1636 1051 diem
1667 990 1889 1063 dicunt,
1919 1008 2037 1066 qua
2077 990 2173 1050 die
2216 989 2295 1049 ad
2336 992 2523 1067 ripam

527 1085 804 1145 Rhodani
845 1104 1050 1145 omnes
1091 1084 1463 1145 conveniant.
1549 1083 1609 1141 Is
1653 1081 1779 1141 dies
1816 1091 1937 1141 erat
1964 1100 2017 1141 a.
2046 1080 2106 1141 d.
2136 1098 2192 1141 v.
2224 1082 2353 1141 Kal.
2388 1083 2528 1159 Apr.

441 1194 501 1231 10
526 1177 590 1235 L.
625 1176 856 1249 Pisone,
884 1177 954 1235 A.
984 1176 1241 1236 Gabinio
1269 1174 1622 1235 consulibus
1728 1238 1738 1273 ,

503 1400 512 1407 ·
617 1368 826 1422 Caesar
857 1368 1088 1422 hastens
1124 1375 1181 1423 to
1199 1368 1485 1429 ‚Geneva;
1532 1365 1601 1419 lte
1648 1365 1811 1435 keeps
1846 1362 1939 1419 the
1971 1364 2235 1420 Helvetii
2265 1371 2366 1420 out
2409 1367 2483 1435 of

1318 1454 1410 1509 the
1446 1453 1740 1508 Province.

600 1583 740 1641 VII.
784 1582 1020 1642 Caesari
1061 1601 1198 1641 cum
1241 1580 1302 1640 id
1345 1582 1670 1640 nuntiatum
1700 1589 1869 1651 esset,
1900 1597 2003 1639 eos
2030 1597 2137 1655 per
2162 1579 2525 1656 provinciam

521 1684 776 1732 nostram
805 1674 912 1731 iter
940 1674 1129 1732 facere
1152 1672 1370 1744 conari,
1395 1680 1644 1730 maturat
1664 1671 1739 1730 ab
1769 1670 1912 1729 urbe
1934 1669 2224 1747 proficisci
2245 1680 2322 1743 et,
2345 1689 2526 1747 quam

521 1764 785 1823 maximis
825 1773 1020 1840 potest
1054 1763 1370 1835 itineribus,
1403 1763 1463 1820 in
1493 1762 1740 1822 Galliam
1772 1760 2102 1819 ulteriorem
2132 1760 2435 1819 contendit
2464 1773 2526 1821 et

519 1855 598 1914 ad
637 1857 937 1915 Genavam
979 1854 1259 1930 pervenit.
1346 1853 1680 1911 Provinciae
1711 1852 1818 1910 toti
1844 1869 2022 1928 quam
2052 1851 2372 1913 maximum
2414 1870 2522 1928 po-

435 1959 493 2013 15
520 1955 632 2005 test
659 1947 905 2004 militum
933 1963 1240 2003 numerum
1281 1945 1528 2019 imperat
1561 1943 1709 2015 (erat
1737 1942 1981 2002 omnino
2010 1942 2071 2001 in
2100 1942 2289 2002 Gallia
2329 1943 2521 2003 ulteri-

519 2055 619 2095 ore
654 2037 805 2113 legio
835 2034 996 2114 una),
1027 2045 1290 2112 pontem,
1320 2036 1422 2111 qui
1450 2034 1677 2093 erat'ad
1706 2034 2030 2108 Genavam,
2059 2032 2222 2093 iubet
2247 2034 2521 2094 rescindi.

518 2129 638 2188 Ubi
679 2128 754 2187 de
797 2129 920 2186 eius
961 2127 1214 2186 adventu
1245 2127 1505 2185 Helvetii
1538 2127 1811 2186 certiores
1840 2127 1977 2186 facti
2005 2138 2157 2202 sunt,
2187 2130 2407 2207 legatos
2442 2129 2523 2189 ad

519 2238 654 2278 eum
684 2219 920 2278 mittunt
949 2219 1336 2277 nobilissimos
1364 2219 1629 2290 civitatiS,
1649 2218 1812 2278 cuius
1839 2220 2143 2296 legationis
2174 2221 2521 2281 Nammeius

518 2319 578 2369 et
595 2310 999 2369 Verucloetius
1027 2309 1350 2384 principem
1380 2308 1576 2367 locum
1599 2310 1958 2386 obtinebant,
1981 2315 2083 2390 qui
2104 2313 2387 2386 dicerent,
2410 2314 2521 2373 sibi

427 2424 491 2461 20
517 2419 644 2460 esse
687 2402 745 2459 in
787 2402 985 2459 animo
1013 2401 1136 2458 sine
1165 2400 1282 2458 ullo
1311 2400 1600 2458 maleficio
1630 2401 1736 2460 iter
1763 2422 1869 2479 per
1904 2405 2265 2480 provinciam
2307 2406 2519 2476 facere,

513 2504 824 2572 propterea
865 2492 1028 2570 quod
1074 2493 1230 2552 aliud
1272 2493 1380 2552 iter
1422 2494 1702 2554 haberent
1732 2499 1991 2572 nullum,-
2037 2517 2256 2575 rogare,
2288 2508 2350 2558 ut
2389 2488 2519 2558 eius

512 2587 807 2646 voluntate
837 2585 898 2644 id
941 2585 1048 2644 sibi
1076 2585 1270 2643 facere·
1294 2584 1484 2643 liceat.
1566 2587 1802 2662 Caesar,
1833 2589 1995 2665 quod
2039 2591 2333 2649 memoria·
2354 2599 2517 2648 tene-

511 2681 629 2752 bat,
675 2681 740 2738 L.
799 2678 1066 2738 Cassium
1111 2679 1412 2737 consulem
1468 2681 1729 2741 occisum
1781 2683 2218 2759 exercitumque
2267 2683 2391 2741 eius
2440 2683 2519 2742 ab

513 2771 797 2830 Helvetiis
839 2770 1070 2846 pulsum
1113 2779 1172 2828 et
1213 2770 1322 2829 sub
1363 2771 1565 2847 iugum
1608 2773 1865 2844 missum,
1897 2773 2349 2833 concedendum
2392 2792 2515 2832 non

424 2883 480 2936 ²5
510 2863 788 2936 putabat;
844 2878 1036 2936 neque
1077 2860 1344 2942 homines
1387 2863 1626 2923 inimico
1669 2866 1884 2935 anim0,
1916 2864 2053 2923 data
2095 2859 2366 2924 facultate
2410 2883 2521 2940 per

510 2952 868 3028 provinciam
904 2951 1120 3010 itineris
1153 2953 1430 3028 faciundi,
1460 2948 1881 3029 temperaturos
1911 2955 1985 3015 ab
2014 2955 2219 3014 iniuria
2247 2963 2306 3013 et
2333 2956 2513 3013 male-

509 3042 644 3100 ficio
693 3042 1074 3101 existimabat.
1159 3045 1408 3119 Tamen,
1457 3054 1521 3102 ut
1578 3045 1828 3121 spatium
1876 3045 2237 3105 intercedere
2294 3039 2513 3121 po's‘s‘et.

509 3131 652 3190 dum
683 3133 908 3204 militeS,
932 3150 1081 3208 quos
1111 3134 1509 3210 imperaverat,
1530 3136 1928 3207 convenirent,
1958 3136 2159 3211 legatis
2189 3137 2511 3211 respondit.

509 3222 666 3280 diem
696 3239 758 3280 se
787 3221 863 3280 ad
892 3222 1333 3283 deliberandum
1366 3235 1729 3300 sumpturum
1752 3246 1768 3298 3
1805 3227 1852 3283 si
1880 3224 2023 3301 quid
2048 3226 2277 3298 vellent,
2310 3225 2385 3283 ad
2422 3226 2507 3282 Id.

420 3332 484 3383 30
507 3313 684 3388 April.
715 3324 1151 3375 reverterentur.

585 3403 760 3462 VIII.
820 3406 1054 3464 Interea
1099 3423 1170 3464 ea
1218 3405 1467 3480 legione,
1519 3423 1695 3480 quam
1742 3423 1943 3464 secum
2001 3405 2272 3476 habebat,
2326 3406 2513 3464 militi-

506 3494 751 3570 busque,
783 3498 883 3573 qui
925 3516 998 3556 ex
1040 3496 1338 3572 provincia
1377 3506 1790 3568 convenerant,
1820 3515 1855 3554 a
1895 3496 2024 3555 lacu
2059 3497 2379 3568 Lemanno,
2410 3501 2509 3572 qui

507 3586 567 3644 in
607 3586 825 3646 flumen
869 3587 1228 3647 Rhodanum
1269 3587 1472 3658 influit,
1517 3585 1593 3644 ad
1638 3597 1901 3646 montem
1946 3588 2159 3659 Iuram,
2208 3588 2308 3663 qui
2363 3588 2510 3646 fines

509 3678 908 3753 Sequanorum
932 3679 1006 3736 ab
1033 3678 1316 3736 Helvetiis
1338 3676 1561 3749 dividit,
1585 3677 1741 3735 milia
1762 3695 2037 3752 passuum
2060 3677 2272 3738 decern
2294 3697 2511 3738 novem

420 3787 448 3835 3
457 3787 483 3838 5
510 3787 736 3825 murum
781 3769 836 3824 in
883 3767 1244 3824 altitudinem
1290 3765 1511 3842 pedum
1540 3765 1801 3826 sedecim
1845 3767 2508 3866 fossamquexperducit.

2548 3461 2580 3484 h
