2796 4207
471 262 601 329 172
1108 283 1215 335 DE
1268 282 1525 336 BELLo
1577 281 1924 336 GALL1co

560 442 777 502 maiore
800 444 1117 503 commisso
1139 442 1357 502 delicto
1380 444 1516 520 igne
1537 454 1712 520 atque
1740 443 2014 502 omnibus
2043 442 2346 502 tormentis
2367 451 2558 515 necat,

558 534 769 593 leviore
798 533 876 593 de
914 551 1089 593 causa
1128 533 1361 593 auribus
1401 534 1652 593 desectis
1693 544 1792 593 aut
1835 533 2070 609 singulis
2112 534 2332 591 effossis
2374 533 2564 593 oculis

558 625 801 685 domum
843 626 1099 697 remittit,
1141 636 1203 683 ut
1242 627 1356 684 sint
1396 626 1630 702 reliquis
1671 625 2032 685 documento
2067 635 2126 682 et
2165 622 2566 700 magnitudine

556 734 786 793 poenae
816 726 1173 793 perterreant
1201 717 1361 775 alios.

503 826 529 879 5
635 807 707 865 V.
753 808 866 866 His
928 808 1225 884 suppliciis
1290 807 1556 865 celeriter
1616 817 1824 866 coacto
1887 808 2163 878 exercitu,
2223 807 2563 865 Lucterium

556 896 912 972 Cadurcum,
963 917 1225 958 summae
1272 898 1576 957 hominem
1623 897 1923 970 audaciae,
1967 916 2104 955 cum
2150 908 2310 973 parte
2364 899 2564 973 copia-

554 1006 683 1047 rum
710 990 771 1048 in
800 991 1065 1050 Rutenos
1106 990 1316 1062 mittit3
1362 990 1485 1065 ipse
1517 990 1576 1048 in
1607 989 1887 1065 Bituriges
1930 988 2330 1065 proficiscitur.
2419 988 2564 1046 Eius

555 1078 807 1139 adventu
849 1083 1131 1158 Bituriges
1172 1080 1250 1140 ad
1278 1079 1538 1152 Aeduos,
1579 1097 1827 1155 quorum
1870 1090 2034 1138 erant
2075 1080 2134 1136 in
2171 1078 2307 1150 fide,
2340 1079 2564 1153 legatos

554 1170 789 1230 mittunt
818 1173 1140 1232 subsidium
1168 1183 1452 1249 rogatum,
1484 1189 1605 1247 quo
1634 1170 1853 1229 facilius
1883 1171 2136 1229 hostium
2166 1170 2370 1244 copias
2397 1170 2562 1227 susti-

469 1284 527 1321 ιο
554 1278 691 1320 nere
719 1264 957 1338 possint.
1044 1264 1235 1322 Aedui
1274 1263 1349 1322 de
1394 1262 1641 1321 consilio
1685 1261 2023 1338 legatorum,
2054 1278 2202 1335 quos
2233 1260 2451 1318 Caesar
2476 1259 2559 1317 ad

553 1354 870 1412 exercitum
906 1356 1230 1430 reliquerat,
1262 1356 1462 1431 copias
1505 1353 1793 1429 equitatus
1837 1351 2246 1427 peditatusque
2289 1349 2554 1408 subsidio

552 1443 899 1521 Biturigibus
942 1448 1192 1505 mittunt.
1278 1447 1396 1521 Qui
1431 1464 1568 1504 cum
1607 1443 1684 1503 ad
1714 1444 1930 1502 flumen
1965 1442 2212 1517 Ligerim
2241 1442 2556 1515 venissent,

550 1535 713 1610 quod
742 1537 1025 1612 Bituriges
1053 1538 1129 1596 ab
1156 1536 1376 1596 Aeduis
1405 1536 1626 1608 dividit,
1658 1552 1882 1613 paucos
1927 1532 2052 1591 dies
2095 1533 2175 1591 ibi
2213 1532 2422 1591 morati
2449 1550 2553 1591 ne-

550 1643 664 1701 que
689 1626 905 1685 flumen
933 1628 1171 1687 transire
1201 1629 1323 1686 ausi
1346 1628 1591 1687 domum
1620 1635 1980 1686 revertuntur
2000 1623 2321 1699 legatisque
2344 1624 2554 1683 nostris

466 1731 523 1784 15
547 1719 896 1790 renuntiant,
932 1738 993 1777 se
1032 1720 1349 1795 Biturigum
1382 1718 1690 1795 perfidiam
1725 1718 1935 1777 veritos
1976 1714 2296 1785 revertisse,
2338 1714 2552 1790 quibus

548 1806 609 1865 id
637 1809 861 1867 consilii
888 1810 1062 1869 fuisse
1091 1811 1488 1886 cognoverint,
1519 1820 1599 1882 ut,
1631 1810 1679 1869 si
1707 1810 1924 1868 flumen
1952 1806 2308 1878 transissent,
2331 1822 2450 1863 una
2476 1823 2552 1864 ex

548 1907 708 1973 parte
730 1898 857 1973 ipsi,
877 1901 1053 1959 altera
1076 1902 1314 1960 Arverni
1334 1920 1395 1960 se
1419 1902 1924 1960 circumsisterent.
1988 1900 2062 1959 Id
2085 1920 2233 1961 eane
2256 1900 2334 1960 de
2355 1920 2551 1972 causa,

546 2005 723 2062 quam
752 1989 951 2065 legatis
978 1993 1438 2067 pronuntiarunt,
1463 2012 1540 2051 an
1567 1991 1812 2069 perfidia
1838 1992 2077 2051 adducti
2099 1993 2362 2065 fecerint,
2387 1991 2550 2069 quod

544 2078 686 2138 nihil
711 2081 882 2141 nobis
910 2092 1156 2155 constat,
1187 2101 1305 2142 non
1332 2082 1560 2143 videtur
1586 2102 1694 2161 pro
1725 2093 1886 2143 certo
1915 2102 2040 2144 esse
2070 2084 2544 2162 proponendum.

458 2192 519 2230 20
546 2171 827 2248 Bituriges
857 2192 1059 2233 eorum
1089 2174 1347 2234 discessu
1376 2176 1568 2234 statim
1597 2195 1734 2235 cum
1761 2177 2030 2235 Arvernis
2060 2177 2391 2253 iunguntur.

549 2324 757 2378 Caesar
776 2327 940 2395 jains
976 2326 1066 2379 his
1102 2344 1281 2396 army,
1308 2326 1549 2379 subdues
1584 2325 1676 2381 tlte
1699 2327 1976 2392 Arverni,
2004 2326 2132 2380 and
2145 2334 2259 2381 sets
2281 2333 2384 2380 out
2406 2334 2464 2381 to
2475 2345 2552 2400 gv

790 2413 847 2460 to
872 2406 1204 2478 Gorgobina,
1235 2405 1418 2461 which
1459 2408 1870 2480 Vercingetorix
1891 2407 2019 2462 had
2033 2408 2306 2464 attached.

622 2529 724 2586 VI.
772 2530 884 2588 His
925 2530 1099 2588 rebus
1134 2531 1193 2588 in
1233 2531 1460 2590 Italiam
1497 2531 1734 2592 Caesari
1774 2533 2067 2603 nuntiatiS,
2110 2550 2248 2590 cum
2289 2531 2408 2590 iam
2451 2532 2542 2590 ille

542 2619 787 2678 urbanas
829 2638 921 2678 res
956 2621 1161 2679 virtute
1197 2622 1385 2681 Gnaei
1431 2624 1676 2700 Pompei
1717 2627 2183 2688 commodiorem
2226 2631 2286 2689 in
2329 2641 2542 2691 statum

539 2711 871 2786 pervenisse
927 2711 1301 2788 intellegeret,
1352 2713 1410 2772 in
1454 2716 1895 2791 Transalpinam
1940 2721 2188 2779 Galliam
2244 2722 2541 2797 profectus

539 2810 643 2859 est.
730 2802 821 2859 Eo
871 2820 1006 2860 cum
1048 2804 1313 2875 venisset,
1360 2824 1573 2882 magna
1622 2805 1960 2868 difficultate
2007 2810 2381 2887 afficiebatur,
2426 2831 2544 2889 qua

451 2909 511 2964 ²5
536 2892 759 2950 ratione
802 2892 877 2950 ad
920 2895 1236 2953 exercitum
1277 2898 1580 2971 pervenire
1622 2909 1835 2974 posset.
1924 2901 2080 2959 Nam
2108 2902 2153 2960 si
2182 2902 2444 2979 legiones
2479 2906 2540 2963 in

537 2983 895 3057 provinciam
938 2997 1269 3059 arcesseret,
1306 3007 1366 3047 se
1408 2991 1648 3050 absente
1691 2993 1752 3051 in
1785 2993 1989 3053 itinere
2031 2994 2252 3070 proelio
2294 2993 2537 3054 dimica-

534 3082 690 3131 turas
732 3074 1140 3150 intellegebat;
1184 3078 1233 3136 si
1272 3079 1398 3154 ipse
1442 3081 1519 3139 ad
1563 3084 1880 3142 exercitum
1923 3085 2325 3158 contenderet,
2357 3105 2434 3144 ne
2473 3087 2540 3144 iis

536 3163 777 3238 quidem
805 3183 881 3224 eo
908 3175 1191 3242 tempore,
1215 3170 1316 3245 qui
1338 3171 1517 3244 quieti
1539 3171 1888 3245 viderentur,
1912 3193 2076 3234 suam
2105 3176 2350 3235 salutem
2378 3188 2538 3236 recte

536 3257 824 3315 committi
852 3257 1105 3318 videbat.

448 3357 509 3406 30
614 3347 753 3405 VII.
802 3350 1041 3410 Interim
1077 3354 1378 3412 Lucterius
1414 3354 1717 3415 Cadurcus
1751 3357 1811 3414 in
1848 3358 2115 3417 Rutenos
2157 3359 2365 3418 missus
2409 3377 2539 3419 eam

535 3437 829 3497 civitatem
874 3444 1139 3502 Arvernis
1189 3445 1478 3503 conciliat.
1568 3447 1905 3521 Progressus
1950 3449 2011 3506 in
2056 3449 2434 3524 Nitiobroges
2480 3462 2540 3511 et

535 3527 798 3589 Gabalos,
826 3533 901 3592 ab
934 3535 1191 3610 utrisque
1235 3535 1470 3595 obsides
1513 3538 1728 3613 accipit
1762 3549 1820 3597 et
1853 3557 2066 3616 magna
2106 3549 2316 3599 coacta
2355 3560 2535 3602 manu

534 3618 593 3675 in
622 3622 983 3694 provinciam
1007 3624 1346 3685 Narbonem
1366 3645 1566 3686 versus
1595 3630 1960 3705 eruptionem
1989 3631 2179 3690 facere
2207 3631 2532 3693 contendit.

536 3706 669 3780 Qua
715 3728 778 3769 re
827 3713 1090 3772 nuntiata
1137 3715 1353 3774 Caesar
1407 3718 1680 3778 omnibus
1735 3720 1992 3780 consiliis
2047 3723 2532 3782 antevertendum

448 3806 509 3860 35
536 3798 895 3872 existimavit,
926 3811 991 3858 ut
1021 3803 1360 3865 Narbonem
1403 3808 1886 3882 proficisceretur.
1974 3813 2064 3870 Eo
2093 3831 2230 3872 cum
2260 3816 2530 3884 venisset,
