2796 4207
858 298 1003 351 LIB.
1044 299 1143 352 VI.
1185 300 1353 353 CAP.
1392 299 1774 354 XLI-XLIV.
2226 283 2352 347 169

244 460 325 520 ad
362 479 655 519 summam
697 462 1029 520 felicitatem
1072 461 1325 523 defuisse
1353 462 1663 536 videretur,
1693 472 1870 539 atque
1898 462 1992 522 ille
2031 461 2263 521 latebris

243 561 351 610 aut
378 551 619 611 saltibus
646 570 709 611 se
738 552 988 629 eriperet
1015 562 1074 611 et
1100 562 1282 612 noctu
1310 555 1636 614 occultatus
1664 554 1802 613 alias
1829 555 2098 630 regiones
2131 570 2260 630 par·

241 654 459 718 tesque
492 652 719 719 peteret
747 661 871 703 non
897 644 1117 703 maiore
1148 645 1412 721 equitum
1441 644 1732 722 praesidio
1763 662 1941 721 quam
1970 643 2260 720 quattuor,

243 734 463 809 quibus
492 734 628 793 solis
655 734 833 793 vitam
862 752 1027 793 suam
1058 736 1424 794 committere
1455 735 1727 794 audebat.

356 825 568 884 XLIV.
615 826 741 883 Tali
786 825 969 885 modo
1015 827 1248 885 vastatis
1296 827 1631 903 regionibus
1679 826 1998 885 exercitum
2050 825 2264 885 Caesar
2327 845 2352 898 5

242 916 499 974 duarum
540 916 868 975 cohortium
914 916 1131 976 damno
1163 919 1628 977 Durocortorum
1659 918 1981 977 Remorum
2015 915 2262 987 reducit,

242 1008 623 1084 concilioque
665 1009 724 1067 in
769 1027 905 1068 eum
949 1009 1147 1068 locum
1192 1009 1414 1069 Galliae
1469 1008 1690 1067 indicto
1737 1007 1812 1067 de
1859 1008 2264 1067 coniuratione

242 1102 553 1160 Senonum
596 1112 655 1160 et
692 1102 1015 1161 Carnutum
1057 1104 1464 1179 quaestionem
1508 1102 1721 1161 habere
1765 1101 2043 1171 instituit3
2089 1112 2148 1159 et
2186 1099 2262 1159 de

241 1195 512 1265 Accone,
557 1192 658 1268 qui
698 1195 971 1271 princeps
1014 1194 1138 1253 eius
1183 1194 1412 1253 consilii
1454 1194 1656 1266 fuerat,
1685 1193 1944 1271 graviore
1978 1192 2266 1251 sententia

240 1283 623 1358 pronuntiata
670 1302 833 1343 more
882 1286 1167 1344 maiorum
1224 1284 1573 1361 supplicium
1631 1284 1890 1359 sumpsit„
1981 1283 2266 1341 Nonnulli
2297 1303 2355 1338 xo

238 1373 532 1432 iudicium
572 1375 738 1433 veriti
782 1378 1178 1453 profugerunt.
1266 1376 1496 1451 Quibus
1541 1392 1680 1434 cum
1725 1392 1878 1450 aqua
1926 1383 2102 1449 atque
2145 1373 2266 1449 igni

238 1464 657 1539 interdixisset,
709 1465 854 1525 duas
909 1468 1167 1543 legiones
1222 1466 1299 1525 ad
1348 1468 1496 1525 fines
1545 1467 1950 1538 Treverorum,
2003 1463 2148 1523 duas
2205 1464 2266 1522 in

240 1556 633 1631 LingonibuS,
683 1573 788 1615 sex
840 1558 1088 1634 reliquas
1143 1559 1204 1617 in
1250 1558 1552 1619 Senonum
1602 1556 1816 1617 finibus
1864 1553 2150 1631 Agedinci
2206 1554 2266 1612 in

240 1646 503 1704 hibernis
539 1645 847 1706 collocavit
885 1648 1295 1727 frumentoque
1338 1649 1621 1708 exercitui
1665 1646 1918 1723 proviso,
1951 1654 2014 1703 ut
2041 1644 2265 1703 institu-

239 1746 387 1806 erat,
418 1736 477 1794 in
509 1738 736 1795 Italiam
766 1737 842 1796 ad
871 1750 1195 1799 conventus
1222 1740 1488 1817 agendos
1513 1740 1812 1819 profectus
1843 1748 1948 1797 est.
2300 1760 2358 1815 ¹5
