2796 4207
671 268 816 321 LIB.
856 268 925 324 v.
968 268 1135 323 cAP.
1176 268 1819 321 xxxw-xxxwu.
2199 248 2326 313 139

214 432 403 507 pilum
434 430 696 503 duxerat,
727 432 849 490 viro
876 432 1008 491 forti
1034 441 1095 490 et
1129 450 1376 507 magnae
1405 433 1779 505 auctoritatis,
1811 442 2121 508 utrumque
2151 432 2232 491 fe-

212 544 345 582 mur
388 523 609 598 tragula
650 523 939 582 traicitur:
1014 523 1267 597 Quintus
1312 524 1622 596 LucaniuS,
1673 523 1939 583 eiusdem
1993 523 2230 595 ordinis,

210 603 525 677 fortissime
568 633 857 690 pugnam,
908 614 1051 672 dum
1096 615 1496 673 circumvento
1544 615 1664 672 filio
1719 616 2004 686 subvenit,
2062 616 2232 673 inter-

209 709 442 781 ficitur;
509 708 725 765 Lucius
782 706 959 765 Cotta
1012 706 1233 781 legatus
1288 724 1494 764 omnes
1550 706 1820 764 cohortes
1875 704 2229 782 ordinesque

208 799 533 858 adhortans
575 800 634 857 in
676 797 986 856 adversum
1027 816 1094 856 os
1137 796 1319 855 funda
1360 796 1706 856 vulneratur.
2263 815 2289 868 5

292 892 569 949 XXXVI.
616 892 730 949 His
771 891 944 950 rebus
984 898 1285 964 permotus
1328 888 1582 962 Quintus
1613 889 1885 959 Titurius,
1915 906 2052 946 cum
2093 904 2228 962 pro-

208 982 306 1039 cul
338 983 736 1059 Ambiorigem
778 1002 915 1041 suos
956 981 1363 1039 cohortantem
1403 980 1820 1055 conspexisset,
1852 979 2224 1054 interpretem

208 1092 385 1131 suum
415 1074 653 1132 Gneum
684 1074 1033 1149 Pompeium
1061 1072 1139 1131 ad
1167 1091 1305 1131 eum
1339 1071 1517 1129 mittit
1541 1080 1826 1145 rogatum,
1855 1079 1919 1128 ut
1947 1070 2056 1128 sibi
2085 1069 2227 1128 mili-

207 1164 485 1239 tibusque
526 1175 746 1241 parcat.
843 1166 945 1224 Ille
988 1165 1310 1241 appellatus
1351 1161 1689 1237 respondit:
1749 1162 1809 1220 Si
1849 1161 1987 1219 velit
2027 1178 2228 1219 secum

208 1256 488 1330 colloqui,
517 1256 690 1314 licere
714 1278 730 1329 ;
774 1275 1022 1332 sperare,
1053 1276 1089 1315 a
1116 1254 1486 1315 multitudine
1517 1254 1809 1330 impetrari
1838 1271 2031 1328 posse,
2063 1251 2227 1327 quod
2264 1262 2320 1297 10

208 1345 288 1403 ad
334 1348 580 1405 militum
630 1348 872 1406 salutem
916 1350 1241 1423 pertineat3
1293 1348 1402 1423 ipsi
1453 1364 1590 1405 vero
1636 1345 1779 1403 nihil
1827 1344 2089 1403 nocitum
2144 1344 2226 1414 iri,

208 1438 391 1512 inque
421 1455 552 1496 eam
594 1456 719 1497 rem
748 1457 810 1497 se
839 1458 1004 1497 suam
1031 1439 1227 1503 fidem,
1255 1443 1646 1515 interponere.
1733 1436 1837 1496 Ille
1881 1454 2018 1495 cum
2050 1436 2226 1495 Cotta

209 1530 413 1586 saucio
456 1530 871 1601 communicat,
915 1532 961 1588 si
1002 1530 1282 1603 videatur,
1314 1549 1512 1606 pugna
1553 1540 1618 1588 ut
1660 1528 1950 1587 excedant
1986 1538 2045 1586 et
2089 1546 2224 1585 cum

206 1620 550 1695 Ambiorige
580 1639 695 1678 una
734 1621 1173 1696 colloquantur:
1218 1640 1469 1697 sperare,
1499 1622 1574 1680 ab
1615 1640 1689 1681 eo
1719 1621 1795 1680 de
1832 1640 1937 1679 sua
1963 1639 2034 1679 ac
2075 1620 2222 1679 mili-

208 1720 337 1768 tum
378 1711 558 1769 salute
609 1712 899 1787 impetrari
940 1730 1133 1787 posse.
1220 1713 1400 1772 Cotta
1438 1731 1501 1772 se
1543 1713 1621 1773 ad
1662 1724 1945 1771 armatum
1993 1712 2222 1771 hostem
2261 1725 2318 1778 15

208 1803 427 1860 iturum
454 1812 629 1878 negat
655 1812 832 1877 atque
860 1804 919 1861 in
949 1822 1022 1861 eo
1050 1815 1396 1879 perseverat.

289 1894 599 1951 XXXVII.
644 1893 907 1966 SabinuS‚
964 1912 1113 1969 quos
1168 1896 1227 1953 in
1282 1896 1609 1970 praesentia
1658 1896 1919 1955 tribunos
1977 1894 2222 1954 militum

210 1985 433 2041 circum
488 2002 551 2041 se
610 1984 878 2055 habebat,
936 1994 995 2043 et
1050 1986 1368 2061 primorum
1417 1986 1688 2045 ordinum
1737 1988 2109 2045 centuriones
2159 2004 2222 2044 se

210 2076 379 2149 sequi
422 2074 581 2133 iubet
623 2085 699 2148 et,
740 2094 874 2133 cum
918 2077 1156 2153 propius
1200 2078 1596 2154 Ambiorigem
1638 2078 1995 2150 accessisset,
2039 2078 2224 2136 iussus

208 2183 373 2222 arma
414 2166 643 2224 abicere
685 2166 1032 2241 imperatum
1076 2168 1211 2226 facit
1248 2170 1500 2244 suisque,
1541 2179 1605 2227 ut
1645 2167 1804 2227 idem
1847 2169 2075 2240 faciant,
2117 2169 2222 2226 im·
2255 2175 2316 2210 20

208 2266 395 2332 perat.
480 2257 739 2328 Interim,
783 2256 929 2315 dum
972 2257 1049 2316 de
1094 2259 1542 2319 condicionibus
1584 2261 1732 2318 inter
1769 2278 1832 2318 se
1878 2269 2056 2334 agunt
2096 2259 2222 2318 lon-

207 2348 454 2422 giorque
509 2347 779 2405 consulto
820 2349 896 2406 ab
950 2350 1288 2426 Ambiorige
1331 2351 1642 2409 instituitur
1682 2369 1894 2421 sermo,
1945 2349 2222 2424 paulatim

209 2439 643 2496 circumventus
695 2438 1052 2498 interficitur.
1150 2442 1305 2499 Tum
1360 2459 1498 2499 vero
1553 2459 1660 2500 suo
1716 2459 1878 2499 more
1921 2441 2222 2499 victoriam

209 2529 585 2588 conclamant
639 2539 813 2604 atque
870 2531 1149 2590 ululatum
1216 2533 1426 2591 tollunt
1480 2533 1819 2607 impetuque
1877 2532 1938 2589 in
1991 2540 2221 2589 nostros

206 2621 364 2679 facto
408 2619 645 2678 ordines
684 2621 1041 2695 perturbant.
1128 2622 1221 2680 Ibi
1264 2623 1480 2682 Lucius
1519 2624 1693 2682 Cotta
1732 2641 2002 2698 pugnans
2044 2622 2214 2679 inter·
2250 2633 2311 2686 25

207 2710 401 2769 ficitur
456 2729 593 2768 cum
650 2712 903 2771 maxima
955 2721 1120 2789 parte
1175 2713 1438 2773 militum.
1524 2715 1759 2789 Reliqui
1812 2733 1875 2772 se
1926 2713 1985 2770 in
2033 2721 2221 2770 castra

204 2801 518 2878 recipiunt,
565 2801 724 2860 unde
780 2813 944 2862 erant
1001 2804 1232 2879 egressi.
1318 2806 1410 2863 Ex
1451 2805 1660 2880 quibus
1717 2803 1930 2862 Lucius
1975 2804 2220 2862 Petrosi-

206 2893 338 2952 dius
380 2893 662 2968 aquilifer,
702 2913 839 2953 cum
881 2913 1095 2971 magna
1137 2894 1504 2954 multitudine
1546 2895 1799 2953 hostium
1841 2904 2220 2969 premeretur,

205 2985 463 3060 aquilam
520 2985 670 3043 iutra
722 2986 933 3045 vallum
988 2987 1251 3062 proiecit,
1308 2988 1434 3062 ipse
1489 3004 1597 3062 pro
1653 2987 1851 3044 castris
1908 2986 2216 3044 fortissime

204 3095 481 3152 pugnans
528 3077 833 3136 occiditur.
920 3078 1010 3136 Illi
1064 3096 1235 3153 aegre
1291 3076 1368 3135 ad
1422 3088 1660 3137 noctem
1717 3076 2218 3152 oppugnationem
2249 3095 2311 3145 30

202 3167 535 3239 sustinent3
597 3177 778 3226 noctu
820 3166 900 3225 ad
947 3187 1151 3226 unum·
1173 3186 1379 3227 omnes
1424 3167 1729 3244 desperata
1777 3169 1957 3226 salute
2001 3185 2063 3225 se
2110 3167 2218 3242 ipsi

203 3258 583 3336 interficiunt.
672 3258 848 3316 Pauci
891 3276 965 3316 ex
1010 3258 1235 3333 proelio
1278 3260 1458 3334 elapsi
1497 3261 1726 3318 incertis
1775 3259 2073 3317 itineribus
2116 3276 2220 3332 per

205 3351 376 3409 silvas
432 3350 511 3408 ad
554 3351 755 3408 Titum
806 3352 1130 3411 Labienum
1175 3351 1430 3428 legatum
1476 3354 1537 3412 in
1585 3353 1824 3411 hiberna
1871 3352 2219 3428 perveniunt

204 3452 384 3518 atque
429 3461 566 3500 eum
610 3441 685 3500 de
728 3443 901 3501 rebus
942 3444 1119 3519 gestis
1160 3445 1469 3503 certiorem
1510 3445 1745 3503 faciunt.

252 3612 306 3664 Τ
297 3611 604 3679 lte-winter
623 3615 785 3681 camp
809 3613 883 3682 of
910 3612 1094 3666 Cicero
1118 3613 1170 3664 is
1194 3612 1464 3679 attacked,
1491 3612 1618 3666 and
1637 3613 1868 3684 bravegy
1893 3613 2176 3682 defended.

286 3755 633 3812 XXXVIII.
682 3756 815 3811 Hac
871 3727 1111 3813 victoria
1164 3755 1420 3814 sublatus
1475 3756 1776 3815 Ambiorix
1831 3758 2018 3816 statim
2078 3757 2214 3815 cum
2244 3775 2304 3827 35

209 3847 468 3919 equitatu
514 3845 575 3902 in
618 3845 975 3917 AduatuCOS‚
1020 3846 1120 3922 qui
1161 3856 1324 3906 erant
1366 3847 1487 3906 eius
1529 3865 1710 3922 regno
1752 3847 1994 3918 finitimi,
2039 3847 2212 3921 profi—
