2796 4207
505 218 585 281 84
1156 236 1265 287 DE
1318 235 1573 291 BELLO
1626 236 1971 291 GALLICO

728 404 839 467 ,He
862 403 1114 459 marches
1137 404 1368 476 against
1387 404 1479 459 the
1502 405 1727 472 Nervii,
1757 405 1885 460 who
1906 408 2097 461 attach
2119 406 2241 461 him
2268 406 2439 461 while

1406 487 1749 558 encamping.
2224 558 2234 569 ο

665 594 824 651 XVI.
869 594 1023 653 Cum
1052 611 1158 670 per
1185 612 1386 653 eorum
1410 594 1557 653 fines
1584 593 1839 652 triduum
1865 594 1972 653 iter
1993 596 2243 669 fecisset,
2263 597 2601 657 inveniebat

587 702 662 741 ex
689 683 948 759 captiviS,
979 684 1175 743 Sabim
1211 684 1427 743 flumen
1468 684 1544 742 ab
1587 685 1785 742 castris
1828 686 1945 743 suis
1986 704 2108 745 non
2148 688 2395 764 amplius
2437 689 2600 747 milia

587 792 862 849 passuum
903 791 948 833 x
987 775 1228 834 abesse:
1287 784 1441 833 trans
1482 774 1544 832 id
1587 774 1805 833 flumen
1845 774 2051 834 o‘mnes
2095 778 2343 837 Nervios
2386 798 2596 838 conse-

587 864 740 923 disse
795 864 1229 941 adventumque
1287 866 1366 925 ibi
1427 866 1831 924 Romanorum
1886 877 2225 943 exspectare
2281 888 2402 927 una
2455 889 2597 929 cum
2674 858 2681 863 ’

533 969 560 1021 5
586 956 874 1014 Atrebatis
922 966 980 1014 et
1027 955 1458 1028 Viromanduis,
1503 956 1759 1015 finitimis
1807 957 1923 1016 suis
1972 958 2135 1035 (nam
2192 954 2282 1017 his'
2333 960 2596 1036 utrisque

586 1057 1000 1122 persuaserant,
1045 1048 1128 1105 uti
1171 1046 1425 1115 eandem
1468 1046 1603 1106 belli
1642 1047 1932 1107 fortunam
1975 1047 2395 1129 experirentur)
2423 1072 2439 1124 3
2493 1069 2594 1109 ex-

586 1138 834 1212 spectari
887 1139 1060 1195 etiam
1118 1138 1192 1197 ab
1242 1138 1329 1197 his
1373 1136 1815 1197 Aduatucorum
1870 1140 2074 1215 copias
2128 1150 2305 1217 atque
2356 1160 2482 1201 esse
2535 1144 2597 1201 in

586 1228 826 1287 itinere:
892 1228 1177 1301 muliereS,
1224 1231 1441 1305 quique
1488 1248 1595 1305 per
1636 1240 1887 1307 aetatem
1932 1229 2009 1288 ad
2056 1248 2314 1307 pugnam
2362 1233 2597 1291 inutiles

584 1317 931 1391 viderentur,
975 1320 1035 1377 in
1083 1338 1219 1379 eum
1267 1320 1462 1378 locum
1508 1320 1848 1393 coniecisse,
1898 1336 2018 1395 quo
2065 1330 2305 1397 propter
2347 1322 2594 1399 paludes

501 1430 559 1467 ιο
586 1410 861 1469 exercitui
889 1409 1078 1469 aditus
1107 1428 1229 1469 non
1259 1419 1429 1469 esset.

661 1500 858 1559 XVII.
904 1500 1018 1558 His
1039 1500 1212 1559 rebus
1233 1500 1480 1577 cognitis
1503 1500 1896 1577 exploratores
1918 1501 2405 1578 centurionesque
2427 1521 2597 1579 prae

584 1592 773 1663 mittit,
795 1592 896 1667 qui
917 1591 1114 1651 locum
1141 1589 1425 1661 idoneum
1453 1592 1652 1651 castris
1679 1590 1955 1669 deligant.
2027 1592 2183 1653 Cum
2204 1610 2279 1653 ex
2298 1592 2596 1654 dediticiis

585 1682 774 1759 Belgis
835 1682 1186 1759 reliquisque
1241 1682 1425 1767 Gallis
1478 1668 1809 1759 complures
1864 1683 2193 1743 Caesarem
2230 1684 2413 1743 secuti
2472 1688 2595 1743 u'na

583 1776 691 1835 iter
717 1776 993 1849 facerent,
1024 1775 1265 1853 quidam
1293 1794 1366 1835 ex
1404 1775 1511 1849 his,
1551 1785 1617 1835 ut
1648 1768 1856 1853 postea
1894 1794 1970 1835 ex
2006 1772 2249 1853 captivis
2290 1777 2595 1853 cognitum

500 1879 558 1933 15
584 1878 690 1941 est,
719 1886 922 1938 eorum
951 1862 1178 1943 dierum
1193 1868 1657 1935 consuetudine·
1662 1870 1879 1930 itineris
1914 1872 2093 1929 nostri
2133 1870 2419 1929 exercitus
2457 1887 2592 1945 per·

583 1969 804 2037 specta,
859 1970 1034 2021 nocte
1089 1961 1168 2021 ad
1223 1963 1497 2023 Nervios
1525 1959 1931 2039 pervenerunt
1968 1955 2144 2039 atque
2202 1962 2289 2021 his
2344 1961 2593 2053 denton-

583 2061 854 2126 strarant,
899 2054 1048 2114 inter
1095 2054 1345 2131 singulas
1391 2052 1652 2132 legiones
1702 2054 2269 2160 impedimentorum
2313 2072 2597 2131 magnum

586 2163 896 2206 numerum
950 2146 1331 2219 intercedere,
1380 2163 1575 2222 neque
1625 2165 1752 2206 esse
1802 2147 2119 2223 quicquam
2166 2135 2403 2222 negotii,
2453 2164 2593 2203 cum

583 2237 771 2312 prima
809 2237 1012 2314 legio
995 2257 1067 2296 ιιι·
1089 2237 1278 2296 castra
1302 2238 1557 2298 venisset
1596 2238 1967 2314 reliquaeque
2010 2238 2271 2314 legiones
2294 2255 2595 2314 ‘magnum

495 2345 559 2382 20
584 2328 835 2405 spatium
876 2329 1162 2402 abessent,
1206 2329 1357 2388 hanc
1398 2330 1509 2388 sub
1548 2329 1789 2410 sarcinis
1832 2327 2080 2410 adoriri3
2126 2347 2243 2404 qua
2283 2328 2449 2403 pulsa
2483 2329 2593 2386 im·

583 2419 1052 2496 pedimentisque
1091 2411 1330 2496 direptis
1359 2419 1615 2478 futurum
1642 2429 1707 2486 ut
1732 2418 1990 2494 reliquae
2030 2427 2235 2478 contra
2274 2417 2594 2478 consistere

585 2529 706 2570 non
747 2510 1046 2569 auderent.
1128 2510 1459 2570 Adiuvabat
1498 2511 1675 2570 etiarn
1715 2527 1919 2569 eorum
1961 2509 2287 2582 consilium,
2326 2509 2426 2585 qui
2466 2528 2597 2568 rem

585 2602 940 2674 deferebant,
965 2601 1126 2677 quod
1149 2603 1348 2662 Nervii
1375 2602 1709 2678 antiquituS,
1732 2620 1870 2660 cum
1893 2602 2153 2676 equitatu
2176 2600 2323 2660 nihil
2350 2612 2596 2690 possent

586 2692 804 2771 (neque
849 2693 1007 2752 enim
1050 2691 1128 2752 ad
1177 2693 1296 2752 hoc·
1339 2702 1573 2769 tempus
1611 2693 1669 2751 ei
1712 2693 1793 2750 rei
1843 2691 2099 2764 student,
2142 2691 2267 2764 sed,
2309 2680 2596 2787 quicquid

496 2794 557 2847 25
584 2792 844 2860 possunt,
875 2783 1253 2888 pedestribus
1291 2784 1484 2842 valent
1520 2780 1757 2860 copiis),
1793 2801 1913 2859 quo
1953 2783 2175 2842 facilius
2215 2769 2597 2842 finitimorum

585 2876 926 2951 equitatum‘,
955 2874 1004 2934 si
1043 2874 1365 2979 praedandi
1408 2893 1586 2934 causa
1624 2874 1709 2935 ad
1744 2893 1849 2934 eos
1882 2875 2177 2934 venissent
2179 2873 2595 2980 ,impedirent‚

585 2967 796 3026 teneris
817 2967 1152 3026 arboribus
1136 2967 1330 3037 incisis
1352 2977 1527 3043 atque
1549 2965 1773 3025 inflexis
1794 2965 2163 3050 crebrisque
2148 2983 2207 3023 ιιι
2228 2948 2597 3024 latitudinem

583 3058 756 3116 ramis
779 3057 962 3118 enatis
985 3067 1044 3116 et
1064 3058 1219 3117 rubis
1241 3058 1615 3133 sentibusque
1638 3057 1951 3115 interiectis
1976 3045 2308 3127 effecerant,
2330 3065 2395 3114 ut
2406 3055 2601 3116 instar

585 3149 734 3208 muri
763 3147 872 3206 hae
901 3155 1071 3224 sepes
1105 3148 1532 3207 munimentum
1570 3148 1935 3224 praeberent,
1963 3165 2083 3222 quo
2111 3163 2233 3205 non
2261 3146 2445 3206 modo
2474 3165 2597 3206 ιιοιι

499 3258 561 3310 30
585 3239 798 3310 intrari,
833 3237 939 3298 sed
981 3256 1054 3297 ne
1097 3239 1348 3320 perspici
1370 3235 1630 3315 quidem
1672 3247 1888 3314 posset.
1975 3239 2089 3296 His
2115 3237 2287 3296 rebus
2310 3243 2453 3296 cum
2484 3239 2595 3297 iter

586 3330 830 3406 agminis
871 3330 1052 3388 nostri
1093 3321 1489 3406 impediretur,
1533 3347 1653 3388 non
1695 3327 2086 3416 omittendum
2128 3327 2267 3422 sibi
2282 3311 2599 3388 consilium

590 3420 789 3479 Nervii
817 3421 1304 3480 existimaverunt.
1388 3417 1409 3438 '¹
2035 3405 2082 3439 Ν

667 3512 900 3569 XVIII
947 3512 1091 3571 Loci
1131 3522 1336 3570 natura
1377 3521 1498 3570 erat
1537 3471 1704 3584 haec,
1732 3527 1911 3588 quern
1948 3509 2149 3568 locum
2184 3509 2368 3568 nostri
2396 3511 2601 3569 casu-is

590 3601 944 3677 delegerant.
1025 3602 1204 3662 Collis
1246 3603 1320 3662 ab
1363 3621 1593 3662 summo
1634 3602 1949 3678 aequaliter
1989 3600 2231 3660 declivis
2268 3599 2348 3658 ad
2376 3599 2601 3660 flumen

505 3708 568 3760 35
593 3692 807 3764 Sabim,
849 3690 1011 3767 quod
1053 3711 1226 3769 supra
1258 3693 1701 3766 nominavimuS,
1730 3692 2022 3768 vergebat.
2104 3691 2197 3751 Ab
2240 3709 2313 3749 eo
2357 3690 2599 3752 flumine

593 3783 716 3856 pari
743 3782 1064 3842 acclivitate
1103 3784 1264 3842 collis
1297 3784 1643 3844 nascebatur
1683 3757 1956 3842 adversuh
1998 3781 2135 3840 huic
2164 3790 2226 3840 et
2253 3783 2598 3855 contrarius,

423 3953 661 4092 ¹322*
640 4001 680 4082 ι
707 3946 802 4088 ὖ
929 3953 1308 4062 ι-Ρθῡ
