2796 4207
729 224 872 277 ΜΒ.
916 223 1055 277 v11.
1102 224 1271 277 cAP.
1319 224 1940 279 Lxxvm-Lxxxr
2245 208 2369 274 207

264 385 377 445 bus
399 386 781 444 constituunt.
842 385 984 443 Erat
1004 402 1077 443 ex
1098 383 1324 460 oppido
1348 384 1542 443 Alesia
1562 384 1876 461 despectus
1899 388 1960 445 in
1982 405 2272 464 campum.

262 476 645 535 Concurrunt
688 475 777 535 his
816 475 1041 535 auxiliis
1081 476 1257 549 visis,
1313 475 1377 534 fit
1417 476 1722 552 gratulatio
1765 478 1916 537 inter
1954 497 2058 537 eos
2098 489 2274 556 atque

261 567 533 625 omnium
576 567 757 625 animi
799 565 877 625 ad
930 566 1209 625 laetitiam
1264 566 1608 626 excitantur.
1715 568 1922 645 Itaque
1977 569 2277 646 productis

260 658 453 735 copiis
493 667 630 717 ante
671 655 960 734 oppidum
990 654 1308 716 considunt
1336 666 1396 715 et
1423 658 1752 734 proximam
1781 658 1996 719 fossam
2027 662 2279 721 cratibus

258 748 534 825 integunt
580 758 756 825 atque
800 765 1011 825 aggere
1060 748 1301 824 explent
1346 764 1529 824 seque
1571 748 1650 807 ad
1692 751 2061 827 eruptionem
2101 761 2277 828 atque
2307 772 2334 826 5

258 859 473 901 omnes
513 860 681 901 casus
722 850 1083 917 comparant.

342 933 579 992 LXXX.
622 933 839 993 Caesar
866 932 1030 991 omni
1056 932 1313 991 exercitu
1350 930 1432 991 ad
1465 942 1772 1010 utramque
1795 945 2042 1011 *partem
2082 937 2272 996 muni-

257 1024 489 1084 tionum
539 1023 842 1100 dispositO,
892 1033 975 1097 ut,
1026 1024 1075 1082 si
1122 1041 1261 1082 usus
1300 1024 1515 1098 veniat,
1558 1039 1730 1083 suurn
1780 1026 2028 1102 quisque
2076 1027 2274 1086 locum

256 1125 460 1174 teneat
507 1125 569 1174 et
615 1116 857 1188 noverit,
908 1114 1230 1190 equitatum
1280 1132 1355 1173 ex
1398 1114 1602 1173 castris
1656 1115 1831 1175 educi
1880 1127 1940 1176 et
1988 1117 2275 1193 proelium

256 1207 549 1265 committi
602 1206 782 1265 iubet.
867 1206 1008 1263 Erat
1055 1223 1128 1263 ex
1176 1204 1450 1265 omnibus
1502 1206 1720 1280 eastris,
1771 1225 1923 1283 quae
1979 1226 2271 1267 summum
2307 1231 2366 1270 ιο

254 1297 524 1374 undique
561 1298 763 1373 iugum
802 1295 1097 1367 tenebant,
1127 1294 1462 1371 despectus,
1493 1307 1670 1373 atque
1708 1316 1918 1358 omnes
1945 1299 2158 1359 milites
2185 1301 2271 1358 in-

254 1389 407 1448 tenti
452 1406 683 1465 pugnae
732 1396 1081 1464 proventum
1126 1386 1563 1463 exspectabant.
1651 1390 1803 1449 Galli
1854 1390 2005 1449 inter
2045 1392 2272 1466 equites

256 1498 419 1540 raros
464 1479 783 1556 sagittarios
828 1477 1252 1555 expeditosque
1298 1478 1439 1538 levis
1479 1490 1803 1540 armaturae
1845 1481 2269 1554 interieceraut,

254 1570 498 1647 quisuis
526 1569 875 1630 cedentibus
900 1569 1113 1628 auxilio
1142 1580 1548 1631 succurrerent
1567 1581 1628 1630 et
1649 1580 1979 1632 nostrorum
2009 1573 2272 1648 equitum

255 1663 511 1737 impetus
550 1662 917 1719 sustinerent.
1000 1660 1093 1719 Ab
1134 1659 1222 1719 his
1258 1661 1592 1737 complures
1620 1661 1696 1721 de
1725 1662 2043 1739 improviso
2072 1664 2268 1722 vulne·
2303 1693 2362 1746 15

253 1753 364 1812 rati
405 1752 628 1829 proelio
670 1750 1059 1811 excedebant.
1145 1752 1303 1811 Cum
1343 1770 1481 1811 suos
1523 1770 1722 1829 pugna
1766 1754 2093 1830 superiores
2143 1772 2270 1813 esse

256 1843 412 1903 Galli
452 1842 821 1903 confiderent
857 1852 918 1901 et
954 1852 1185 1902 nostros
1229 1842 1605 1901 multitudine
1645 1844 1832 1919 premi
1871 1843 2155 1917 viderent,
2197 1864 2272 1905 ex

255 1934 531 1994 omnibus
558 1934 817 2011 partibus
844 1943 905 1992 et
931 1934 988 2007 ii,
1018 1934 1120 2010 qui
1150 1932 1570 1993 munitionibus
1608 1934 2073 2008 continebantur,
2104 1945 2165 1994 et
2191 1935 2270 2008 hi,

255 2026 361 2101 qui
386 2024 464 2084 ad
496 2025 773 2084 auxilium
812 2034 1228 2097 convenerant,
1260 2023 1517 2083 clamore
1546 2034 1606 2082 et
1633 2024 1852 2084 ululatu
1881 2044 2119 2084 suorum
2147 2026 2266 2085 ani-

254 2135 387 2177 mos
429 2117 872 2177 confirmabant.
956 2115 1137 2191 Quod
1165 2117 1226 2174 in
1256 2125 1581 2192 conspectu
1610 2117 1874 2176 omnium
1901 2135 1995 2176 res
2033 2119 2270 2194 gereba-
2301 2139 2362 2176 20

254 2218 349 2266 tur
373 2224 571 2284 neque
598 2217 757 2266 recte
784 2226 857 2266 ac
886 2208 1127 2283 turpiter
1151 2207 1371 2265 factum
1411 2207 1585 2265 celari
1627 2217 1874 2282 poterat,
1905 2218 2182 2284 utrosque
2211 2219 2273 2268 et

254 2297 444 2357 laudis
486 2296 773 2374 cupiditas
814 2309 875 2358 et
914 2299 1087 2358 timor
1127 2298 1483 2375 ignominiae
1525 2297 1603 2356 ad
1643 2299 1915 2358 virtutem
1961 2301 2269 2360 excitabat.

255 2389 413 2450 Cum
442 2407 479 2448 a
504 2387 749 2448 meridie
776 2407 961 2466 prope
990 2387 1069 2448 ad
1097 2388 1233 2447 solis
1261 2406 1540 2447 occasum
1570 2387 1750 2447 dubia
1777 2389 2018 2448 victoria
2046 2409 2268 2467 pugna-

254 2489 433 2553 retur,
464 2480 745 2539 Germani
770 2498 889 2538 una
914 2480 973 2538 in
1007 2488 1171 2555 parte
1214 2478 1490 2538 confertis
1533 2479 1734 2537 turmis
1763 2479 1823 2539 in
1853 2479 2050 2539 hostes
2083 2482 2268 2557 impe-

254 2579 383 2630 tum
431 2570 697 2630 fecerunt
742 2587 963 2646 eosque
1019 2569 1442 2645 propulerunt;
1499 2569 1710 2645 quibus
1765 2569 1825 2627 in
1879 2570 2074 2646 sugam
2129 2590 2270 2632 eon·
2300 2601 2327 2636 2
2334 2600 2361 2654 5

256 2661 425 2721 iectis
480 2661 754 2738 sagittarii
821 2661 1203 2719 circumventi
1264 2660 1669 2736 interfectique
1717 2669 1866 2720 sunt.
1968 2662 2120 2720 Item
2197 2681 2272 2721 ex

256 2752 495 2828 reliquis
530 2751 788 2828 partibus
835 2752 1017 2810 nostri
1054 2749 1337 2810 cedentes
1376 2769 1566 2827 usque
1587 2750 1666 2809 ad
1693 2760 1880 2809 castra
1908 2752 2155 2810 insecuti
2181 2753 2272 2812 sui

257 2839 574 2920 colligendi
620 2842 955 2902 facultatem
996 2860 1120 2900 non
1162 2841 1467 2901 dederunt.
1555 2842 1634 2900 At
1688 2841 1744 2914 ii,
1794 2843 1895 2918 qui
1951 2843 2025 2902 ab
2079 2843 2276 2903 Alesia

258 2944 685 3010 processerant,
720 2933 927 2992 maesti
952 2951 1139 3010 prope
1166 2933 1410 2993 victoria
1435 2931 1744 3008 desperata
1777 2950 1840 2990 se
1883 2932 1943 2990 in
1984 2932 2272 3010 oppidum

257 3033 625 3100 receperunt.
2300 3047 2362 3098 30

342 3115 610 3174 LXXXI.
657 3115 795 3175 Uno
823 3113 920 3174 die
950 3114 1275 3174 intermisso
1306 3113 1460 3174 Galli
1487 3124 1663 3189 atque
1694 3112 1810 3172 hoc
1837 3114 2027 3190 spatio
2057 3132 2270 3190 magno

259 3206 527 3278 cratium,
556 3205 860 3278 scalarum,
891 3204 1291 3282 harpagonum
1320 3221 1567 3263 numero
1601 3203 1814 3263 effecto
1854 3203 2053 3263 media
2093 3215 2270 3264 nocte

260 3297 495 3357 silentio
516 3314 592 3356 ex
618 3297 817 3355 castris
846 3297 1061 3372 egressi
1086 3295 1165 3354 ad
1192 3304 1550 3372 campestres
1577 3294 1931 3354 munitiones
1958 3294 2270 3355 accedunt.

260 3388 469 3448 Subito
502 3387 758 3446 clamore
800 3386 1044 3459 sublat0,
1076 3404 1194 3461 qua
1220 3385 1661 3462 significatione,
1692 3385 1793 3462 qui
1821 3385 1882 3446 in
1908 3384 2138 3464 oppido
2167 3387 2270 3446 ob-

262 3478 620 3550 sidebantur,
651 3476 727 3536 de
770 3495 878 3536 suo
917 3475 1172 3536 adventu
1214 3494 1574 3552 cognoscere
1616 3486 1877 3552 possent,
1907 3487 2095 3537 crates
2134 3494 2265 3553 pro·
2301 3513 2331 3564 3
2337 3512 2363 3564 5

264 3570 441 3642 icere,
483 3567 697 3640 fundiS,
740 3568 979 3644 sagittiS,
1020 3567 1310 3643 lapidibus
1350 3576 1580 3626 nostros
1622 3566 1699 3625 de
1740 3566 1891 3626 vallo
1931 3569 2271 3644 proturbare

264 3659 624 3735 reliquaque,
675 3677 827 3734 quae
874 3657 955 3716 ad
1002 3657 1504 3734 oppugnationem
1553 3656 1863 3732 pertinent,
1913 3668 2120 3732 parant
2168 3656 2271 3717 ad-

267 3749 609 3809 ministrare.
724 3748 955 3808 Eodem
1015 3758 1282 3824 tempore
1338 3746 1592 3805 clamore
1648 3744 1922 3804 exaudito
1977 3746 2081 3806 dat
2133 3750 2274 3808 tuba
