2796 4207
489 186 613 251 126
1142 208 1252 259 DE
1304 207 1559 263 BELLO
1614 208 1961 263 GALLICO

572 375 894 449 sollicitare,
938 394 1210 437 sevocare
1253 379 1510 455 singulos
1552 378 1882 456 hortarique
1924 381 2141 457 coepit,
2176 380 2260 438 uti
2302 381 2361 438 in
2404 381 2594 440 conti-

571 468 731 525 nenti
771 478 1176 543 remanerent3
1236 479 1393 528 metu
1437 470 1727 529 territare:
1788 489 1909 530 non
1950 472 2075 530 sine
2119 489 2297 530 causa
2335 471 2479 545 fieri,
2520 482 2593 531 ut

571 557 757 617 Gallia
783 560 946 617 omni
967 560 1264 618 nobilitate
1295 561 1677 635 spoliaretur3
1718 560 1781 619 id
1809 580 1935 620 esse
1964 562 2270 619 consilium
2300 560 2587 636 CaesariS,

569 658 649 721 ut,
679 667 828 725 quos
855 650 914 708 in
945 661 1264 727 conspectu
1296 652 1518 711 Galliae
1547 652 1871 711 interficere
1900 662 2207 725 vereretur,
2238 653 2346 712 hos
2374 672 2589 713 omnes

515 750 541 802 5
567 741 628 798 in
657 741 1012 799 Britanniam
1049 742 1347 801 traductos
1386 751 1659 816 necaret3
1702 742 1883 801 fidem
1922 744 2155 817 reliquis
2191 744 2585 820 interponere,

568 831 965 891 iusiurandum
1006 851 1269 909 poscere,
1301 843 1382 906 ut,
1414 833 1579 909 quod
1607 852 1734 891 esse
1770 852 1843 891 ex
1882 852 1989 892 usu
2019 835 2239 893 Galliae
2273 836 2583 895 intellexis-

568 932 715 995 sent,
759 924 1060 982 communi
1102 925 1346 983 consilio
1387 922 1878 983 administrarent.
1977 926 2148 983 Haec
2190 944 2227 983 a
2266 926 2583 1002 compluri-

569 1014 675 1073 bus
717 1014 794 1073 ad
837 1016 1150 1075 Caesarem
1191 1014 1617 1075 deferebantur.

645 1106 787 1164 V11.
835 1107 970 1180 Qua
997 1125 1057 1165 re
1085 1107 1322 1182 cognita
1352 1108 1586 1178 Caesar,
1617 1105 1780 1181 quod
1823 1116 2045 1165 tantum
2086 1106 2300 1165 civitati
2332 1107 2582 1167 Aeduae

482 1220 539 1256 10
566 1195 860 1271 dignitatis
901 1198 1204 1269 tribuebat,
1235 1197 1635 1256 coercendum
1674 1207 1849 1273 atque
1879 1196 2312 1269 deterrendum,
2344 1199 2582 1273 quibus·

565 1305 822 1362 cumque
859 1288 1031 1346 rebus
1068 1297 1285 1364 posset,
1317 1288 1745 1363 Dumnorigem
1785 1289 2111 1360 statuebat3
2155 1288 2317 1363 quod
2347 1289 2579 1365 longius

566 1378 689 1435 eius
727 1379 1044 1436 amentiam
1077 1377 1348 1454 progredi
1376 1378 1630 1449 videbat,
1662 1377 2157 1453 prospiciendum,
2188 1396 2263 1436 ne
2292 1379 2436 1453 quid
2466 1380 2579 1439 sibi

566 1487 635 1527 ac
664 1469 1016 1545 reipublicae
1055 1488 1270 1527 nocere
1305 1478 1523 1543 posset.
1610 1470 1818 1544 Itaque
1848 1469 1975 1527 dies
2003 1469 2231 1527 circiter
2258 1486 2381 1527 xxv
2408 1471 2469 1527 in
2498 1488 2576 1529 eo

564 1560 698 1619 loco
727 1570 1139 1633 commoratuS,
1170 1560 1332 1635 quod
1363 1560 1551 1619 Corus
1580 1570 1787 1618 ventus
1816 1560 2248 1636 navigationem
2286 1560 2573 1636 impedie-

480 1668 537 1720 15
564 1652 681 1723 bat,
705 1652 804 1727 qui
826 1670 1095 1727 magnam
1126 1661 1350 1726 partem
1380 1651 1572 1709 omnis
1600 1651 1881 1726 temporis
1909 1652 1969 1708 in
1992 1652 2079 1710 his
2100 1650 2246 1709 locis
2268 1651 2405 1709 flare
2428 1670 2571 1710 con-

564 1742 765 1813 suevit,
796 1741 974 1801 dabat
1015 1760 1274 1818 operam,
1305 1750 1369 1799 ut
1407 1742 1465 1799 in
1508 1742 1705 1799 officio
1745 1742 2173 1817 Dumnorigem
2220 1742 2571 1814 contineret,

563 1836 743 1895 nihilo
767 1846 964 1894 tamen
992 1835 1179 1893 secius
1209 1836 1409 1893 omnia
1435 1835 1558 1893 eius
1587 1836 1831 1894 consilia
1865 1846 2247 1911 cognosceret
2268 1856 2285 1907 3
2330 1835 2572 1895 tandem

563 1925 837 1984 idoneam
870 1935 1073 1984 nactus
1103 1934 1510 2003 tempestatem
1540 1925 1749 1984 milites
1778 1927 2122 2001 equitesque
2163 1914 2567 1985 conscendere

562 2017 622 2074 in
650 2035 826 2075 naves
854 2016 1031 2075 iubet.
1115 2018 1192 2075 At
1219 2018 1480 2075 omnium
1514 2016 1806 2091 impeditis
1836 2017 2042 2075 animis
2074 2016 2402 2075 Dumnorix
2430 2036 2569 2075 cum

475 2133 536 2169 ιο
561 2109 852 2184 equitibus
881 2107 1222 2166 Aeduorum
1249 2127 1285 2166 a
1313 2109 1512 2166 castris
1554 2108 1834 2166 insciente
1865 2109 2116 2167 Caesare
2161 2108 2406 2167 domum
2449 2108 2563 2167 dis·

559 2198 773 2257 cedere
828 2199 1040 2274 coepit.
1146 2199 1280 2272 Qua
1325 2216 1387 2256 re
1445 2199 1724 2270 nuntiata,
1782 2198 1999 2256 Caesar
2055 2199 2379 2257 intermissa
2431 2217 2566 2275 pro-

561 2289 814 2348 fectione
861 2298 1038 2365 atque
1087 2290 1359 2347 omnibus
1403 2290 1575 2347 rebus
1617 2289 1955 2364 postpositis
2010 2307 2283 2364 magnam
2339 2299 2567 2364 partem

561 2382 847 2456 equitatus
875 2380 952 2439 ad
981 2398 1118 2439 eum
1146 2378 1577 2454 insequendum
1607 2379 1780 2436 mittit
1821 2379 2151 2453 retrahique
2191 2380 2475 2455 imperat3
2520 2381 2568 2438 si

559 2473 677 2531 vim
705 2472 876 2530 faciat
912 2489 1106 2547 neque
1143 2480 1360 2546 pareat,
1392 2463 1637 2528 interfici
1664 2469 1841 2542 iubet,
1873 2469 2014 2527 nihil
2042 2469 2200 2527 hunc
2229 2488 2291 2527 se
2322 2469 2566 2529 absente

473 2580 532 2633 25
559 2581 666 2640 pro
701 2582 844 2621 sano
887 2562 1168 2621 facturum
1211 2560 1529 2634 arbitratuS,
1570 2560 1672 2635 qui
1711 2561 2029 2635 praesentis
2072 2560 2379 2636 imperium
2422 2578 2564 2637 neg·

559 2655 806 2712 lexisset.
892 2654 994 2713 Ille
1024 2653 1180 2711 enim
1211 2660 1513 2710 revocatus
1541 2651 1802 2708 resistere
1832 2669 1902 2708 ac
1932 2669 1993 2708 se
2025 2669 2203 2708 manu
2244 2649 2567 2710 defendere

559 2763 912 2820 suorumque
951 2743 1130 2802 fidem
1169 2743 1473 2817 implorare
1516 2741 1731 2817 coepit,
1762 2758 1936 2817 saepe
1966 2741 2287 2812 clamitanS‚
2317 2741 2567 2800 liberum

559 2855 621 2896 se
654 2837 985 2911 liberaeque
1028 2851 1154 2892 esse
1198 2833 1460 2890 civitatis·
1545 2831 1651 2903 Illi,
1680 2840 1745 2889 ut
1772 2841 1893 2889 erat
1921 2831 2284 2907 imperatum,
2315 2831 2565 2890 circum-

557 2927 766 2986 sistunt
818 2924 1116 2984 hominem
1171 2933 1346 2998 atque
1406 2922 1757 2980 interficiunt
1777 2942 1795 2994 3
1851 2930 1910 2980 at
1964 2921 2189 2996 equites
2238 2920 2431 2980 Aedui
2487 2923 2568 2981 ad

470 3027 534 3080 30
559 3018 872 3078 Caesarem
913 3033 1119 3074 omnes
1159 3022 1537 3073 revertuntur.

721 3199 932 3254 Caesar
952 3199 1095 3252 sails
1118 3204 1174 3252 to
1196 3198 1451 3263 Britain,
1477 3196 1755 3266 andputs
1778 3194 1870 3250 tlte
1893 3195 2120 3250 natives
2142 3201 2201 3250 to
2206 3195 2400 3266 fltght.

635 3325 810 3384 VIII.
855 3323 970 3382 His
1009 3322 1181 3383 rebus
1222 3321 1416 3398 gestiS,
1449 3320 1708 3380 Labieno
1737 3320 1796 3378 in
1827 3320 2167 3378 continente
2205 3336 2343 3378 cum
2380 3319 2566 3379 tribus

555 3415 878 3494 legionibus
905 3423 965 3473 et
992 3413 1251 3488 equiturn
1295 3411 1525 3471 milibus
1568 3411 1797 3470 duobus
1839 3412 2060 3483 relicto,
2092 3421 2155 3468 ut
2188 3418 2391 3487 portus
2434 3419 2561 3468 tue-

557 3517 710 3566 retur
763 3516 823 3566 et
876 3524 998 3564 rem
1048 3503 1478 3562 frumentariam
1533 3502 1884 3578 provideret,
1934 3521 2204 3579 quaeque
2261 3502 2322 3561 in
2372 3502 2567 3562 Gallia

555 3607 906 3674 gererentur,
937 3605 1319 3672 cognosceret
1359 3595 1781 3669 consiliumque
1824 3611 1931 3669 pro
1973 3603 2239 3670 tempore
2274 3602 2334 3652 et
2363 3610 2472 3669 pro
2501 3611 2564 3652 re

469 3701 530 3753 35
557 3698 810 3764 caperet,
841 3689 964 3764 ipse
994 3706 1128 3745 cum
1151 3686 1410 3761 quinque
1431 3685 1756 3761 legionibus
1778 3694 1836 3743 et
1856 3685 1977 3760 pari
2002 3701 2246 3743 numero
2275 3685 2562 3760 equitum,

556 3797 732 3853 quem
763 3779 820 3836 in
851 3777 1176 3836 continenti
1204 3774 1527 3850 reliquerat,
1559 3775 1635 3833 ad
1674 3775 1809 3856 solis
1851 3792 2128 3833 occasum
2170 3793 2347 3834 naves
2390 3776 2563 3834 solvit
