2796 4207
452 262 575 327 206
1090 276 1199 330 DE
1252 276 1508 331 BELLO
1560 276 1906 330 GALLICO

534 440 593 501 Si
627 439 851 499 illorum
890 439 1106 499 nuntiis
1147 438 1480 497 confirmari
1521 455 1643 497 non
1682 438 1926 515 potestis
1967 438 2134 498 omni
2173 438 2332 499 aditu
2374 458 2533 517 prae-

534 541 722 606 sept0,
754 530 841 589 his
870 530 1097 590 utimini
1137 529 1395 603 testibuS‚
1427 529 1897 605 appropinquare
1933 547 2141 589 eorum
2181 530 2534 605 adventum3

532 622 697 681 cuius
725 622 809 681 rei
835 622 1044 681 timore
1074 621 1326 680 exterriti
1354 620 1516 680 diem
1545 630 1902 697 noctemque
1931 622 1993 680 in
2021 638 2202 698 opere
2223 631 2534 682 versantur.
2604 676 2613 686 .

533 712 695 788 Quid
736 730 878 789 ergo
920 712 1036 771 mei
1078 711 1305 771 consilii
1347 722 1437 770 est
1451 713 1479 771 Ρ
1563 712 1799 784 Facere,
1849 711 2015 789 quod
2059 714 2242 771 nostri
2291 713 2536 774 maiores

478 822 505 876 5
532 821 904 881 nequaquam
951 804 1075 879 pari
1120 803 1274 862 bello
1314 802 1688 862 Cimbrorum
1726 805 2184 880 Teutonumque
2237 804 2537 880 fecerunt;

531 896 631 971 qui
654 896 711 954 in
736 893 959 971 oppida
976 892 1264 970 compulsi
1283 912 1356 952 ac
1378 894 1548 953 simili
1577 894 1776 970 inopia
1801 894 2028 953 subacti
2056 911 2263 953 eorum
2283 896 2540 971 corpori-

530 987 657 1060 buS,
688 986 787 1063 qui
816 996 1004 1044 aetate
1034 984 1111 1043 ad
1138 984 1355 1044 bellum
1389 984 1621 1044 inutiles
1648 984 2012 1059 videbantur,
2042 985 2222 1044 vitam
2257 986 2537 1045 tolerave-

528 1088 661 1137 runt
700 1095 895 1154 neque
930 1094 994 1135 se
1033 1074 1296 1137 hostibus
1336 1074 1715 1135 tradiderunt.
1801 1074 1984 1136 Cuius
2011 1074 2096 1134 rei
2121 1075 2171 1134 si
2200 1076 2541 1153 exemplum

528 1189 651 1231 non
699 1169 1064 1243 haberemus,
1115 1178 1312 1228 tamen
1366 1165 1643 1227 libertatis
1691 1184 1868 1225 causa
1914 1165 2134 1225 institui
2179 1175 2242 1225 et
2288 1168 2541 1243 posteris

444 1286 503 1323 ιο
526 1261 698 1339 prodi
738 1261 1192 1339 pulcherrimum
1236 1258 1574 1319 iudicarem.
1661 1258 1816 1317 Nam
1852 1256 1998 1333 quid
2037 1256 2115 1315 illi
2152 1256 2340 1316 simile
2383 1258 2543 1319 bello

524 1354 672 1413 fuit?
753 1352 1127 1430 Depopulata
1155 1348 1343 1411 Gallia
1376 1348 1601 1409 Cimbri
1642 1365 1970 1426 magnaque
2011 1346 2168 1407 illata
2207 1346 2540 1410 calamitate

526 1446 737 1506 finibus
790 1445 1033 1524 quidem
1090 1444 1299 1505 nostris
1352 1443 1672 1521 aliquando
1730 1453 2105 1503 excesserunt
2159 1453 2339 1519 atque
2399 1442 2540 1501 alias

526 1548 703 1599 terras
737 1539 1065 1615 petierunt3
1109 1538 1248 1611 iura,
1276 1537 1454 1615 leges,
1485 1555 1672 1615 agrOS,
1701 1537 2030 1596 libertatem
2070 1535 2244 1595 nobis
2283 1535 2538 1612 relique-

524 1640 674 1689 runt.
760 1630 1014 1689 Romani
1040 1647 1179 1689 vero
1221 1628 1365 1705 quid
1407 1639 1619 1707 petunt
1659 1627 1817 1687 aliud
1859 1638 1960 1688 aut
1997 1625 2141 1706 quid
2167 1626 2397 1700 volunt,
2429 1626 2541 1687 nisi

443 1731 500 1784 ι5
524 1720 743 1780 invidia
768 1721 1028 1795 adducti,
1058 1739 1207 1797 quos
1236 1722 1389 1781 fama
1417 1721 1642 1782 nobiles
1677 1730 2067 1796 potentesque
2110 1718 2264 1779 bello
2307 1736 2536 1795 cogno·

525 1821 749 1884 verunt,
800 1811 1007 1871 horum
1055 1812 1114 1871 in
1164 1812 1313 1889 agris
1361 1810 1807 1887 civitatibusque
1855 1810 2164 1870 considere
2213 1821 2396 1887 atque
2447 1811 2537 1871 his

526 1912 822 1961 aeternam
862 1903 1162 1978 iniungere
1205 1903 1538 1962 servitutem
1554 1904 1582 1961 P
1665 1904 1878 1978 Neque
1918 1902 2077 1962 enim
2104 1902 2221 1960 ulla
2247 1902 2364 1962 alia
2393 1922 2537 1963 con-

525 1992 760 2052 dicione
787 1993 941 2054 bella
967 2004 1285 2070 gesserunt.
1357 1992 1542 2070 Quod
1569 1994 1618 2053 si
1645 2012 1735 2066 ea,
1758 2012 1910 2069 quae
1940 1994 2000 2051 in
2027 1993 2366 2069 longinquis
2393 1994 2540 2054 nati-

525 2085 735 2145 onibus
776 2094 1067 2161 geruntur,
1102 2085 1395 2161 ignoratis,
1435 2085 1704 2161 respicite
1745 2084 2050 2144 finitimam
2079 2084 2352 2159 Galliam,
2383 2103 2539 2163 quae

441 2199 501 2236 20
525 2177 587 2234 in
624 2177 980 2253 provinciam
1022 2176 1275 2248 redacta,
1304 2177 1428 2235 iure
1457 2186 1517 2235 et
1544 2177 1768 2254 legibus
1805 2176 2198 2248 commutatiS,
2229 2177 2537 2238 securibus

526 2268 788 2327 subiecta
814 2277 1098 2343 perpetua
1126 2269 1406 2344 premitur
1433 2268 1742 2326 servitute!

608 2358 940 2418 LXXVIII.
984 2359 1293 2418 Sententiis
1335 2357 1505 2417 dictis
1547 2359 1926 2430 constituunt,
1971 2367 2034 2416 ut
2075 2357 2132 2429 ii,
2176 2355 2278 2432 qui
2312 2357 2536 2418 valetu-

526 2447 664 2509 dine
706 2459 807 2508 aut
846 2458 1033 2508 aetate
1076 2449 1303 2508 inutiles
1344 2458 1480 2508 sunt
1518 2448 1691 2520 be110,
1733 2448 1960 2524 oppido
2010 2447 2301 2507 excedant
2350 2459 2537 2525 atque

525 2542 723 2599 omnia
764 2540 921 2617 prius
964 2540 1351 2616 experiantur,
1380 2558 1558 2616 quam
1587 2539 1664 2598 ad
1691 2539 2014 2616 Critognati
2047 2539 2399 2598 sententiam
2431 2539 2536 2600 de·

439 2643 498 2698 25
526 2631 849 2704 scendant3
899 2632 995 2689 illo
1036 2641 1234 2689 tamen
1274 2631 1469 2706 potius
1509 2629 1796 2689 utendum
1839 2630 2102 2702 consili0,
2134 2629 2182 2688 si
2224 2647 2316 2688 res
2353 2639 2538 2708 cogat

524 2731 700 2798 atque
735 2721 944 2780 auxilia
984 2730 1300 2792 morentur,
1330 2739 1508 2796 quani
1549 2730 1648 2779 aut
1689 2719 2006 2779 deditionis
2049 2728 2149 2778 aut
2188 2720 2352 2795 pacis
2393 2721 2534 2780 sub-

526 2812 781 2871 eundam
811 2810 1243 2870 condicionem.
1315 2811 1642 2884 Mandubii,
1666 2811 1768 2887 qui
1789 2829 1892 2870 eos
1914 2810 2141 2887 oppido
2161 2821 2531 2887 receperant,
2561 2885 2574 2892 ,

526 2922 661 2962 cum
689 2903 880 2963 liberis
908 2912 1082 2977 atque
1112 2901 1385 2960 uxoribus
1421 2903 1575 2961 exire
1617 2911 1921 2978 coguntur.
2007 2903 2093 2960 Hi
2121 2920 2258 2960 cum
2287 2901 2366 2960 ad
2395 2921 2527 2962 rnu-

525 2994 777 3053 nitiones
819 2995 1223 3052 Romanorum
1264 2993 1664 3066 accessissent,
1693 2991 1898 3053 flentes
1937 2993 2212 3052 omnibus
2254 2994 2531 3069 precibus

439 3113 503 3166 30
526 3085 783 3157 orabant,
807 3094 869 3143 ut
889 3102 951 3143 se
975 3083 1035 3141 in
1056 3083 1389 3142 servitutem
1411 3093 1680 3159 receptos
1701 3083 1837 3143 cibo
1864 3083 2141 3142 iuvarent.
2214 3085 2292 3142 At
2313 3083 2533 3144 Caesar

526 3175 821 3250 dispositis
849 3176 910 3233 in
936 3175 1085 3233 vallo
1114 3174 1456 3234 custodibus
1483 3174 1664 3250 recipi
1692 3173 2057 3250 prohibebat.

609 3267 876 3325 LXXIX.
921 3266 1153 3324 Interea
1174 3265 1479 3324 Commius
1500 3265 1819 3340 reliquique
1841 3263 2042 3337 duces,
2065 3264 2277 3340 quibus
2299 3283 2531 3324 summa

526 3356 752 3432 imperii
793 3356 1074 3432 permissa
1113 3365 1251 3427 erat,
1281 3373 1419 3414 cum
1459 3355 1731 3415 omnibus
1771 3355 1957 3431 copiis
1995 3354 2073 3413 ad
2099 3354 2356 3414 Alesiam
2395 3372 2523 3432 per-

526 3448 765 3508 veniunt
785 3457 845 3505 et
866 3446 1013 3506 colle
1042 3447 1325 3505 exteriore
1354 3455 1646 3522 occupato
1674 3463 1796 3505 non
1823 3446 2051 3522 longius
2080 3445 2234 3505 mille
2262 3447 2527 3523 passibus

439 3557 502 3610 35
526 3541 602 3599 ab
641 3538 849 3598 nostris
893 3537 1309 3596 munitionibus
1350 3535 1680 3595 considunt.
1763 3537 2008 3598 Postero
2035 3536 2134 3596 die
2163 3537 2423 3613 equitatu
2453 3553 2526 3594 ex
2554 3602 2562 3609 ,

527 3629 726 3686 castris
766 3627 985 3686 educto
1022 3644 1261 3685 omnem
1300 3644 1428 3684 eam
1458 3626 1776 3702 planitiem,
1806 3645 1984 3703 quam
2013 3627 2074 3686 in
2100 3625 2523 3704 longitudinem

527 3717 635 3772 tria
661 3715 819 3772 milia
854 3733 1126 3789 passuum
1169 3725 1366 3790 patere
1410 3715 1955 3790 demonstravimuS,
1983 3718 2286 3794 complent
2315 3716 2520 3794 pedes-

528 3809 759 3874 tresque
802 3803 1004 3876 copias
1044 3804 1281 3876 paulum
1308 3804 1384 3862 ab
1413 3821 1487 3861 eo
1516 3805 1649 3862 loco
1678 3805 1903 3865 abditas
1936 3807 1998 3866 in
2035 3807 2180 3867 locis
2219 3808 2521 3886 superiori-
