2796 4207
474 216 557 281 62
1111 232 1224 285 DE
1275 232 1529 285 BELLO
1582 232 1925 286 GALLICO

817 482 914 536 He
939 482 992 535 is
1013 481 1193 535 asked
1209 489 1265 537 to
1289 480 1498 561 defytd
1518 481 1679 534 Gaul
1696 482 1927 553 against
1950 482 2303 538 Ariovaelrtus.

638 623 858 681 XXXI.
904 622 995 680 Eo
1025 621 1276 679 concilio
1319 620 1560 681 dimisso
1601 619 1761 678 idem
1801 622 2093 698 principes
2122 624 2438 697 civitatum,
2470 625 2573 700 qui

558 724 693 773 ante
736 714 984 784 fuerant,
1016 711 1093 770 ad
1137 712 1451 771 Caesarem
1494 721 1848 771 reverterunt
1889 714 2316 789 petieruntque,
2356 724 2421 773 ut
2461 717 2574 773 sibi

458 848 470 857 ,
559 816 788 864 secreto
829 806 891 863 in
932 803 1190 862 occulto.
1211 802 1288 861 de
1331 821 1437 861 sua
1478 802 1859 877 omniumque
1890 804 2071 861 salute
2101 823 2237 861 cum
2282 824 2356 863 eo
2396 824 2573 881 agere

559 896 774 954 liceret.
849 896 939 953 Ea
965 912 1027 952 re
1059 894 1367 969 impetrata
1393 910 1521 951 sese
1553 910 1759 950 omnes
1788 892 1992 952 flentes
2015 894 2248 953 Caesari
2279 894 2355 953 ad
2383 896 2575 971 pedes

506 1001 532 1055 5
559 988 965 1063 proiecerunt:
1015 986 1154 1043 Non
1184 985 1376 1042 minus
1406 1001 1467 1041 56
1498 983 1560 1041 id
1588 982 1947 1042 contendere
1978 994 2037 1041 et
2065 984 2343 1057 laborare,
2375 1004 2451 1043 ne
2482 1004 2573 1057 ea,

561 1095 711 1152 quae
741 1077 1038 1147 dixissent,
1069 1075 1523 1144 enuntiarentur,
1555 1092 1732 1148 quam
1774 1074 1858 1131 uti
1890 1092 1975 1145 ea,
2008 1092 2158 1150 quae
2200 1076 2433 1146 vellent,
2462 1077 2573 1134 im-

559 1178 868 1244 petrarent,
912 1177 1222 1243 propterea
1264 1164 1446 1240 quod,
1478 1165 1524 1222 si
1565 1164 1931 1223 enuntiatum
1972 1176 2141 1237 esset,
2172 1184 2468 1225 summum
2513 1168 2573 1225 in

560 1260 880 1317 cruciatum
911 1277 972 1316 se
1001 1267 1273 1316 venturos
1293 1255 1576 1314 viderent.
1664 1255 1923 1313 Locutus
1952 1265 2041 1314 est
2068 1274 2175 1331 pro
2205 1256 2294 1315 his
2326 1257 2572 1316 Divitia-

562 1368 664 1406 cus
701 1348 976 1407 Aeduus:
1024 1348 1245 1407 Galliae
1285 1347 1463 1405 totius
1504 1346 1785 1404 factiones
1816 1364 1943 1405 esse
1973 1345 2154 1405 duas:
2196 1348 2401 1406 harum
2430 1349 2571 1407 alte-

479 1470 534 1504 10
561 1440 676 1497 rius
714 1440 1103 1515 principatum
1142 1448 1341 1497 tenere
1371 1436 1630 1508 AeduOS,
1664 1436 1895 1495 alterius
1924 1439 2230 1496 Arvernos,
2318 1439 2413 1507 Hi⁸
2433 1458 2575 1497 cum

562 1540 864 1605 tantopere
908 1529 983 1588 de
1026 1538 1332 1605 potentatu
1374 1530 1524 1586 inter
1566 1546 1628 1585 56
1667 1527 1879 1586 multos
1908 1546 2094 1586 annos
2123 1528 2572 1602 contenderent,

563 1620 777 1679 factum
799 1639 941 1691 esse,
967 1621 1048 1678 uti
1069 1622 1144 1679 ab
1162 1621 1431 1678 Arvernis
1461 1618 1860 1693 Sequanisque
1881 1619 2160 1677 Germani
2189 1620 2465 1679 mercede
2488 1640 2574 1678 ar-

563 1721 940 1770 cesserentur.
1039 1713 1269 1769 Horum
1311 1711 1501 1785 primo
1532 1710 1761 1767 circiter
1788 1708 1944 1767 milia
1972 1726 2054 1766 xv
2083 1710 2359 1768 Rhenum
2388 1721 2571 1769 trans-

562 1802 674 1859 isse
697 1822 715 1875 3
758 1811 1140 1877 posteaquam
1168 1820 1336 1876 agros
1364 1811 1424 1859 et
1450 1801 1670 1858 cultum
1715 1808 1774 1857 et
1818 1800 2017 1874 copias
2048 1800 2350 1859 Gallorum
2380 1802 2571 1859 homi-

479 1914 534 1966 15
561 1910 668 1949 nes
711 1892 811 1950 feri
851 1910 920 1949 ac
960 1892 1184 1950 barbari
1219 1890 1606 1964 adamassent,
1638 1891 1935 1949 traductos
1973 1892 2206 1967 plures;
2249 1911 2407 1949 nunc
2442 1910 2571 1951 esse

563 1983 625 2040 in
679 1983 865 2041 Gallia
909 1982 986 2039 ad
1034 1992 1270 2041 centum
1327 1993 1386 2040 et
1441 1998 1525 2039 xx
1582 1982 1801 2040 milium
1857 2001 2183 2041 numerum.
2270 1984 2425 2043 Cum
2481 1984 2571 2042 his

564 2072 804 2132 Aeduos
843 2091 1162 2148 eorumque
1199 2073 1440 2131 clientes
1468 2074 1649 2131 semel
1678 2082 1853 2149 atque
1884 2074 2095 2133 iterum
2126 2076 2297 2134 armis
2326 2086 2570 2136 conten-

526 2165 720 2223 ‘disse
742 2185 759 2237 3
795 2183 1064 2240 magnam
1093 2164 1482 2222 calamitatem
1513 2165 1709 2239 pulsos
1739 2168 2058 2241 accepisse,
2091 2185 2330 2226 omnem
2359 2169 2569 2226 nobili-

563 2266 761 2326 tatem,
787 2273 1024 2314 omnem
1055 2265 1337 2327 senatum,
1366 2273 1607 2313 omnem
1638 2257 1959 2332 equitatum
1991 2259 2268 2317 amisisse.
2340 2259 2573 2334 Quibus

478 2377 536 2416 20
564 2347 794 2421 proeliis
836 2347 1373 2420 calamitatibusque
1417 2346 1647 2416 fractos,
1679 2349 1780 2423 qui
1809 2358 1869 2406 et
1898 2368 2003 2408 sua
2031 2351 2237 2408 virtute
2268 2359 2328 2408 et
2364 2352 2573 2426 populi

421 2445 427 2450 ’
532 2425 820 2495 'Romani
860 2437 1114 2512 hospitio
1155 2446 1330 2511 atque
1359 2437 1615 2494 amicitia
1655 2439 1964 2513 plurimum
1994 2452 2129 2499 ante
2159 2442 2219 2500 in
2248 2441 2436 2500 Gallia
2461 2459 2571 2516 po-

564 2529 824 2600 tuissent,
846 2538 1088 2586 coactos
1117 2545 1242 2586 esse
1273 2529 1553 2603 Sequanis
1577 2529 1813 2588 obsides
1844 2531 1983 2589 dare
2018 2532 2409 2591 nobilissimos
2432 2533 2573 2590 civi-

564 2619 696 2676 tatis
725 2627 784 2676 et
811 2617 1179 2676 iureiurando
1209 2618 1502 2677 civitatem
1534 2621 1909 2696 obstringere,
1942 2640 2068 2681 sese
2098 2641 2292 2697 neque
2332 2622 2573 2682 obsides

564 2710 908 2784 repetituros
941 2727 1134 2783 neque
1170 2710 1444 2767 auxilium
1486 2729 1521 2767 a
1558 2712 1781 2786 populo
1824 2713 2099 2770 Romano
2142 2715 2573 2789 imploraturOS,

476 2819 536 2872 25
564 2817 756 2874 neque
797 2809 1179 2872 recusaturoS,
1210 2818 1330 2875 quo
1373 2802 1565 2860 minus
1596 2813 1879 2878 perpetuo
1910 2805 2019 2862 sub
2062 2805 2288 2863 illorum
2333 2804 2574 2863 dicione

564 2899 738 2966 atque
766 2891 1011 2966 imperio
1041 2901 1252 2950 essent.
1324 2891 1527 2950 Unum
1556 2910 1617 2950 se
1641 2911 1767 2952 esse
1790 2911 1863 2952 ex
1884 2897 2045 2953 omni
2072 2895 2303 2953 civitate
2332 2889 2572 2953 Aeduo-

564 3001 710 3056 rum,
734 2983 836 3057 qui
862 2983 1078 3040 adduci
1106 3001 1225 3041 non
1255 2985 1528 3060 potuerit,
1553 2994 1615 3041 ut
1646 2986 1857 3044 iuraret
1884 2996 1982 3044 aut
2010 2987 2219 3046 liberos
2250 3005 2385 3046 suos
2414 2987 2571 3045 obsi-

567 3072 672 3132 des
710 3073 890 3132 daret.
973 3075 1070 3134 Ob
1099 3093 1231 3133 eam
1261 3093 1385 3134 rem
1416 3096 1478 3135 se
1510 3095 1583 3136 ex
1611 3078 2195 3152 civitateprofugisse
2226 3088 2286 3135 et
2314 3079 2573 3136 Romam

565 3164 643 3222 ad
679 3175 945 3224 senatum
981 3167 1208 3225 venisse
1249 3168 1526 3226 auxilium
1565 3170 1939 3243 postulatum,
1972 3169 2135 3243 quod
2178 3169 2336 3227 solus
2374 3187 2573 3244 neque

479 3282 541 3334 30
566 3255 934 3314 iureiurando
961 3275 1154 3332 neque
1185 3258 1485 3317 obsidibus
1514 3269 1822 3318 teneretur.
1908 3259 2025 3318 Sed
2064 3260 2229 3334 peius
2258 3259 2575 3319 victoribus

567 3349 847 3422 Sequanis
876 3367 1053 3422 quam
1084 3349 1304 3406 Aeduis
1327 3344 1498 3408 'victis
1527 3350 1830 3422 accidisse,
1861 3360 2172 3426 propterea
2213 3349 2377 3424 quod
2405 3351 2573 3408 Ario-

565 3440 762 3510 vistuS,
790 3456 893 3497 rex
935 3442 1381 3511 Germanorum,
1414 3442 1471 3498 in
1515 3460 1718 3498 eorum
1756 3442 1967 3499 finibus
2010 3440 2374 3500 consedisset
2414 3442 2575 3499 terti-

566 3547 778 3604 amque
818 3540 1042 3605 partem
1072 3531 1190 3605 agri
1219 3531 1493 3606 Sequani,
1523 3533 1623 3606 qui
1651 3541 1805 3590 esset
1831 3533 2087 3606 optimus
2122 3533 2297 3590 totius
2326 3523 2577 3603 Galliae,

567 3622 987 3695 occupavisset,
1019 3629 1078 3678 et
1119 3639 1276 3678 nunc
1319 3621 1395 3680 de
1441 3622 1617 3680 altera
1654 3632 1816 3697 parte
1856 3623 2024 3680 tertia
2050 3623 2353 3696 Sequanos
2396 3621 2576 3680 dece-

480 3725 541 3777 35
569 3709 708 3767 dere
738 3711 980 3782 iuberet,
1009 3721 1322 3785 propterea
1343 3707 1505 3785 quod
1534 3714 1733 3786 paucis
1763 3714 2059 3772 mensibus
2088 3724 2223 3772 ante
2257 3712 2576 3770 Harudum

571 3801 728 3857 milia
755 3800 1057 3857 hominum
1085 3817 1229 3857 xxw
1257 3800 1332 3858 ad
1363 3819 1498 3859 eum
1530 3803 1837 3874 venissent,
1870 3804 2079 3878 quibus
2110 3805 2273 3862 locus
2302 3821 2373 3861 ac
2402 3803 2578 3862 sedes
