2796 4207
880 281 1028 335 Lis.
1076 282 1187 335 111.
1235 284 1404 337 cAP.
1447 284 1734 339 xu-xv.
2266 260 2350 331 99

255 470 394 512 nem
435 453 602 511 facile
632 453 811 511 telum
841 452 1198 529 adigebatur,
1228 465 1288 514 et
1316 454 1527 514 eadem
1557 454 1633 515 de
1667 474 1847 515 causa
1875 455 2065 515 minus
2094 470 2258 515 com·

254 546 431 605 mode
481 545 706 622 copulis
749 548 1214 606 continebantur.
1318 548 1677 624 Accedebat,
1721 558 1803 623 ut,
1846 568 1982 608 cum
2037 548 2259 609 saevire

251 646 459 695 ventus
487 637 780 711 coepisset
808 647 866 695 et
893 656 956 696 se
979 648 1154 697 vento
1176 637 1495 712 dedissent,
1520 648 1578 698 et
1608 649 2017 716 tempestatem
2046 639 2259 699 ferrent

252 728 474 788 facilius
503 738 563 786 et
591 729 652 786 in
671 728 832 788 vadis
861 730 1246 789 consisterent
1273 730 1450 793 tutius
1474 740 1532 789 et
1560 732 1635 790 ab
1663 742 1826 791 aestu
1853 731 2087 791 relictae
2114 730 2258 790 nihil

251 838 390 878 saxa
417 830 478 878 et
506 830 706 878 cautes
733 820 1003 879 timerent
1023 842 1042 894 3
1077 839 1320 896 quarum
1348 841 1542 881 rerum
1566 823 1827 883 omnium
1857 822 2067 881 nostris
2097 822 2254 880 navi·
2286 820 2314 874 5

249 912 359 970 bus
388 929 560 969 casus
589 920 709 969 erat
739 911 1226 971 extimescendus.

346 1090 572 1158 Caesar,
599 1091 906 1144 victorious
931 1092 993 1144 in
1021 1108 1056 1144 a
1087 1092 1274 1146 naval
1293 1092 1481 1157 battle,
1513 1093 1736 1147 wreaks
1763 1108 2069 1163 vengeance
2090 1107 2164 1146 on

1091 1171 1182 1225 tlte
1219 1174 1419 1226 Veneti.

326 1306 490 1363 XIV.
525 1306 936 1379 Compluribus
959 1308 1300 1380 expugnatis
1320 1308 1553 1382 oppidis
1578 1310 1810 1379 Caesar,
1835 1308 1933 1365 ubi
1956 1305 2249 1375 intellexit,

243 1397 454 1454 frustra
501 1406 725 1453 tantum
770 1395 1027 1453 laborem
1071 1398 1236 1467 sumi,
1282 1415 1475 1471 neque
1519 1398 1771 1455 hostium
1830 1398 2023 1472 fugam
2068 1396 2251 1471 captis

243 1486 482 1563 oppidis
525 1486 757 1561 reprimi
796 1504 990 1560 neque
1031 1487 1114 1544 eis
1143 1487 1342 1545 noceri
1365 1502 1558 1560 posse,
1573 1486 1768 1545 statuit
1788 1485 2251 1563 exspectandam

243 1578 512 1636 classem.
598 1576 766 1650 Quae
796 1576 895 1634 ubi
925 1578 1200 1635 convenit
1221 1596 1290 1634 ac
1319 1579 1571 1653 primum
1600 1579 1674 1638 ab
1704 1577 1965 1637 hostibus
1995 1577 2115 1635 visa
2143 1586 2250 1649 est,
2285 1602 2341 1637 10

243 1669 473 1727 circiter
510 1685 668 1728 ccxx
710 1686 886 1726 naves
918 1686 1121 1727 eorum
1171 1670 1563 1743 paratissimae
1611 1680 1784 1744 atque
1830 1668 1993 1727 omni
2037 1685 2251 1743 genere

242 1778 540 1819 armorum
589 1758 986 1817 ornatissimae
1035 1760 1330 1834 profectae
1381 1778 1455 1817 ex
1501 1769 1669 1835 portu
1722 1760 1930 1817 nostris
1974 1757 2249 1817 adversae

242 1853 666 1923 constiterunt,
711 1868 902 1925 neque
947 1852 1080 1909 satis
1123 1853 1320 1923 Bruto,
1360 1852 1461 1925 qui
1504 1852 1669 1909 classi
1711 1860 1991 1927 praeerat,
2021 1849 2113 1908 vel
2154 1851 2241 1908 tri·

241 1945 416 2004 bunis
457 1944 704 2001 militum
743 1942 1312 2017 centurionibusque,
1345 1944 1553 2018 quibus
1596 1944 1850 2019 singulae
1882 1960 2057 2001 naves
2088 1952 2249 2001 erant

239 2036 571 2108 attributae,
594 2034 917 2107 constabat,
939 2033 1080 2111 quid
1110 2045 1346 2112 agerent
1375 2045 1474 2093 aut
1504 2053 1680 2111 quam
1702 2036 1987 2093 rationem
2016 2052 2248 2111 pugnae
2283 2065 2338 2118 15

241 2130 588 2187 insisterent.
686 2129 898 2186 Rostro
945 2128 1101 2186 enim
1159 2129 1358 2186 noceri
1415 2147 1537 2186 non
1592 2147 1764 2204 posse
1814 2137 2247 2204 cognoverant,

240 2221 492 2279 turribus
521 2230 716 2276 autem
747 2220 1027 2291 excitatis,
1063 2229 1257 2277 tamen
1287 2220 1390 2278 has
1424 2220 1667 2279 altitudo
1699 2223 1987 2297 puppium
2016 2239 2090 2278 ex
2120 2221 2245 2279 bar-

241 2315 394 2373 baris
449 2315 692 2373 navibus
739 2316 1064 2391 superabat,
1117 2326 1179 2373 ut
1233 2334 1427 2390 neque
1476 2333 1549 2373 ex
1604 2314 1869 2372 inferiore
1927 2313 2063 2372 loco
2113 2315 2249 2372 satis

243 2406 562 2465 commode
605 2407 721 2464 tela
762 2407 914 2483 adigi
957 2417 1198 2483 possent
1227 2418 1284 2466 et
1314 2409 1488 2466 missa
1516 2405 1589 2465 ab
1620 2406 1798 2465 Gallis
1838 2406 2064 2482 gravius
2093 2406 2245 2463 acci-

243 2501 470 2562 derent.
540 2503 679 2562 Una
707 2512 827 2561 erat
857 2521 1070 2578 magno
1101 2502 1229 2560 usui
1257 2520 1347 2561 res
1377 2511 1717 2578 praeparata
1744 2521 1781 2560 a
1807 2493 2039 2574 nostris,
2071 2501 2247 2560 falces
2278 2516 2338 2552 20

179 2629 186 2634 -
243 2603 589 2670 praeacutae
633 2595 878 2652 insertae
921 2594 1244 2669 affixaeque
1288 2595 1582 2670 longurii5‚
1614 2613 1733 2654 non
1779 2595 2021 2654 absimili
2064 2595 2250 2653 forma

244 2687 553 2744 muralium
595 2685 847 2743 falcium.
933 2686 1046 2752 His,
1085 2703 1221 2743 cum
1264 2686 1449 2756 funeS,
1482 2685 1585 2760 qui
1627 2695 1930 2744 antemnas
1958 2686 2034 2745 ad
2065 2685 2249 2744 malos

245 2776 634 2847 destinabant,
666 2777 1073 2852 comprehensi
1103 2771 1460 2851 adductique
1490 2787 1670 2847 erant,
1700 2777 1932 2852 narigio
1959 2777 2133 2835 remis
2162 2777 2248 2834 in·

183 2939 188 2946 Ι
244 2868 422 2926 citato
452 2869 1026 2943 praerumpebantur.
1113 2868 1338 2942 Quibus
1369 2867 1606 2925 abscisis
1642 2876 1950 2925 antemnae
1980 2885 2247 2925 necessa-

231 2957 328 3016 'rio
371 2957 782 3030 concidebant,
811 2968 892 3030 ut,
924 2977 1060 3016 cum
1089 2959 1279 3016 omnis
1310 2958 1547 3016 Gallicis
1589 2959 1828 3016 navibus
1858 2976 1991 3033 spes
2021 2958 2081 3016 in
2108 2958 2249 3016 velis
2280 2980 2305 3014 2
2312 2979 2337 3032 5

243 3049 730 3124 armamentisque
778 3050 1136 3119 consisteret,
1187 3049 1275 3107 his
1321 3049 1533 3123 ereptis
1584 3049 1775 3107 omnis
1824 3068 1959 3107 usus
2012 3048 2245 3106 navium

245 3158 363 3198 uno
394 3150 657 3215 tempore
682 3141 1015 3214 eriperetur.
1055 3125 1404 3214 lReliquum
1434 3148 1554 3196 erat
1582 3149 1879 3197 certamen
1902 3140 2157 3216 positum
2188 3139 2248 3197 in

244 3231 468 3302 virtute,
499 3248 617 3305 qua
656 3232 835 3288 nostri
878 3231 1086 3289 milites
1129 3231 1294 3288 facile
1339 3229 1707 3304 superabant,
1741 3239 1915 3306 atque
1946 3249 2018 3288 eo
2049 3230 2247 3306 magis,

246 3321 408 3397 quod
451 3321 510 3378 in
552 3332 873 3396 conspectu
905 3321 1168 3380 Caesaris
1198 3331 1372 3395 atque
1405 3320 1593 3379 omnis
1624 3322 1911 3379 exercitus
1954 3334 2043 3379 res
2084 3339 2246 3396 gere-

248 3411 429 3482 batur,
462 3422 525 3469 ut
567 3411 785 3469 nullum
830 3411 1005 3487 paulo
1051 3411 1250 3470 fortius
1293 3412 1511 3469 factum
1555 3410 1731 3469 latere
1761 3421 1994 3486 posset:
2042 3429 2249 3470 omnes
2278 3427 2339 3477 30

250 3501 403 3560 enim
446 3501 623 3560 colles
651 3521 720 3559 ac
763 3501 892 3559 loca
921 3502 1235 3578 superiora,
1264 3500 1426 3560 unde
1456 3509 1577 3558 erat
1607 3501 1969 3576 propinquus
2000 3500 2246 3575 despec-

251 3601 339 3650 tus
366 3592 428 3650 in
457 3610 632 3664 mare,
664 3593 738 3651 ab
767 3593 1022 3650 exercitu
1051 3591 1415 3651 tenebantur.

328 3683 454 3741 XV.
507 3681 798 3754 Disiectis,
840 3692 903 3741 ut
945 3682 1215 3753 diximus,
1257 3682 1561 3750 antemniS,
1604 3699 1740 3740 cum
1784 3681 2035 3758 singulas
2077 3681 2249 3740 binae

253 3791 319 3830 ac
362 3783 559 3832 ternae
602 3791 780 3831 naves
823 3773 1338 3844 circumsteterant,
1370 3771 1579 3830 milites
1615 3791 1843 3829 summa
1869 3772 1926 3829 vi
1955 3781 2249 3831 transcen-

255 3863 389 3921 dere
431 3865 490 3921 in
529 3864 782 3922 hostium
814 3883 988 3922 naves
1018 3861 1474 3922 contendebant.
1561 3860 1740 3935 Quod
1779 3871 2090 3936 postquam
2129 3860 2249 3919 bar·
2280 3867 2340 3918 35

1267 4055 1811 4162 233250
