2796 4207
542 663 1321 731 COMMENTARIUS
1397 663 1837 730 TERTIUS.

347 1065 562 1120 Caesa'r
582 1063 825 1118 stations
852 1062 1032 1116 Galba
1059 1059 1201 1116 with
1226 1077 1264 1115 a
1288 1060 1471 1114 small
1470 1063 1637 1131 force
1661 1060 1723 1114 in
1747 1058 1839 1116 the
1862 1061 2032 1131 Alps.

270 1181 317 1238 Ι.
364 1180 511 1238 CUM
540 1177 599 1234 in
629 1177 856 1234 Italiam
899 1176 1361 1251 proficisceretur
1388 1175 1620 1246 Caesar,
1652 1175 1911 1234 Servium
1943 1177 2191 1236 Galbam

190 1289 322 1328 cum
366 1269 598 1344 legione
643 1265 999 1325 duodecima
1032 1276 1091 1325 et
1124 1275 1285 1342 parte
1316 1266 1604 1340 equitatus
1633 1267 1694 1322 in
1725 1266 2051 1338 Nantuatis,
2081 1269 2194 1326 Ve-

188 1379 381 1436 ragros
426 1358 815 1433 Sedunosque
858 1357 1029 1429 misit,
1060 1358 1160 1432 qui
1186 1357 1261 1415 ab
1300 1356 1514 1414 finibus
1541 1356 1919 1432 Allobrogum
1962 1367 2021 1415 et
2062 1358 2191 1417 lacu

192 1455 498 1510 Lemanno
541 1459 602 1508 et
641 1449 877 1507 flumine
922 1448 1219 1507 Rhodano
1248 1447 1324 1506 ad
1364 1466 1621 1506 summas
1666 1448 1840 1524 Alpes
1882 1449 2190 1524 pertinent.

193 1546 387 1604 Causa
426 1536 700 1600 mittendi
740 1541 862 1612 fuit,
903 1539 1065 1615 quod
1106 1541 1214 1598 iter
1253 1557 1359 1614 per
1402 1539 1598 1615 Alpes,
1639 1557 1758 1614 quo
1801 1558 2014 1614 magno
2057 1560 2194 1600 cum
2226 1575 2250 1626 5

191 1635 451 1710 periculo
486 1632 828 1708 magnisque
858 1649 995 1688 cum
1024 1631 1291 1707 portoriis
1320 1640 1676 1690 mercatores
1715 1630 1796 1688 ire
1826 1644 2192 1706 consuerant,

191 1724 455 1802 patefieri
500 1722 747 1781 volebat.
834 1720 995 1778 Huic
1036 1721 1315 1796 permisit,
1358 1721 1406 1779 si
1449 1739 1598 1796 opus
1641 1739 1768 1780 esse
1811 1721 2192 1795 arbitraretur,

80 1879 85 1882 ,
191 1818 273 1875 uti
314 1817 375 1874 in
414 1815 508 1874 his
535 1814 679 1872 locis
718 1812 1012 1888 legionem
1040 1811 1337 1870 hiemandi
1367 1830 1544 1870 causa
1572 1812 1902 1871 collocaret.
1989 1814 2194 1887 Galba,

193 1906 468 1968 secundis
499 1906 717 1981 aliquot
744 1904 976 1980 proeliis
999 1904 1161 1962 factis
1184 1904 1547 1980 castellisque
1570 1904 1964 1979 compluribus
1995 1924 2197 1964 eorum

193 1999 559 2078 expugnatis,
588 1997 775 2056 missis
802 1997 881 2057 ad
909 2017 1046 2057 eum
1074 1999 1333 2075 undique
1368 1997 1570 2074 legatis
1599 1995 2016 2073 obsidibusque
2047 1997 2196 2056 datis
2230 2021 2287 2056 10

193 2102 251 2152 et
290 2111 441 2169 pace
487 2092 657 2163 facta,
686 2090 984 2150 constituit
1026 2091 1296 2151 cohortes
1335 2090 1480 2151 duas
1509 2091 1568 2149 in
1600 2091 1990 2151 Nantuatibus
2019 2092 2196 2151 collo-

193 2203 323 2244 care
367 2195 429 2244 et
485 2186 609 2261 ipse
654 2205 788 2244 cum
829 2186 1059 2260 reliquis
1106 2186 1229 2244 eius
1284 2186 1528 2261 legionis
1573 2184 1910 2244 cohortibus
1964 2186 2024 2243 in
2066 2185 2197 2243 vico

191 2277 603 2353 Veragrorum,
647 2276 746 2351 qui
788 2277 1109 2351 appellatur
1150 2276 1502 2349 Octodurus,
1547 2278 1844 2351 hiemare;
1896 2278 1996 2355 qui
2036 2278 2198 2336 vicus

194 2368 417 2441 positus
454 2368 519 2425 in
546 2367 709 2439 valle,
739 2385 859 2425 non
888 2386 1099 2443 magna
1128 2367 1356 2427 adiecta
1386 2369 1640 2445 planitie,
1673 2370 1957 2428 altissimis
1987 2368 2198 2427 monti-

192 2458 299 2517 bus
341 2457 609 2533 undique
652 2458 997 2517 continetur.
1084 2460 1237 2518 Cum
1278 2460 1435 2517 hunc
1465 2461 1524 2518 in
1554 2460 1699 2519 duas
1747 2470 1940 2536 partes
1982 2460 2200 2518 flumen
2235 2484 2289 2536 15

194 2548 499 2620 divideret,
523 2549 757 2608 alteram
787 2558 1011 2624 partem
1040 2550 1165 2609 eius
1195 2550 1303 2608 vici
1337 2551 1515 2610 Gallis
1544 2550 1621 2609 ad
1649 2551 2028 2610 hiemandum
2057 2570 2198 2610 con-

194 2642 385 2712 cessit,
430 2640 669 2699 alteram
711 2658 955 2698 vacuam
998 2642 1071 2699 ab
1114 2641 1201 2698 his
1242 2641 1502 2699 relictam
1547 2642 1884 2700 cohortibus
1926 2642 2198 2701 attribuit.

197 2732 346 2790 Eum
378 2732 580 2790 locum
608 2731 756 2789 vallo
786 2730 1055 2806 fossaque
1086 2732 1345 2789 munivit.

430 2908 606 2964 There
630 2912 679 2963 is
702 2927 739 2964 a
763 2910 977 2964 sudden
1004 2912 1270 2982 uprising
1288 2914 1361 2982 qf
1370 2910 1461 2965 the
1485 2913 1781 2965 mountain
1807 2913 1986 2966 tribes.

277 3036 357 3094 ΙΙ.
406 3035 562 3095 Cum
606 3034 731 3093 dies
775 3034 1147 3094 hibernorum
1189 3037 1520 3112 complures
1561 3038 1913 3111 transissent,
1949 3038 2202 3097 frumen-

194 3137 436 3203 tumque
461 3146 535 3187 eo
565 3130 915 3205 comportari
944 3128 1216 3201 iussisset,
1241 3131 1432 3189 subito
1455 3148 1560 3205 per
1581 3131 1972 3206 exploratores
1995 3132 2205 3191 certior
2234 3154 2294 3190 20
2391 3204 2396 3208 ι

194 3218 380 3277 factus
424 3228 530 3290 est,
562 3237 635 3277 ex
668 3238 740 3277 ea
778 3228 940 3295 parte
979 3220 1108 3294 vici,
1140 3238 1314 3295 quam
1346 3221 1524 3281 Gallis
1567 3232 1953 3296 concesserat,
1997 3242 2203 3282 omnes

194 3318 373 3369 noctu
424 3309 778 3380 discessisse,
828 3319 1196 3386 montesque,
1246 3312 1346 3387 qui
1394 3311 1820 3387 impenderent,
1871 3334 1904 3373 a
1954 3315 2204 3373 maxima

197 3400 566 3459 multitudine
597 3400 964 3459 Sedunorum
995 3410 1053 3459 et
1079 3402 1464 3477 Veragrorum
1493 3404 1692 3471 teneri.
1778 3404 1850 3463 Id
1880 3406 2099 3479 aliquot
2128 3404 2204 3464 de

199 3494 385 3552 causis
429 3493 739 3565 acciderat,
780 3504 843 3552 ut
885 3494 1075 3553 subito
1119 3495 1269 3554 Galli
1310 3496 1443 3554 belli
1485 3496 1806 3555 renovandi
1845 3498 2204 3573 legionisque

200 3583 619 3658 opprimendae
663 3585 966 3643 consilium
1012 3596 1321 3660 caperent:
1375 3587 1645 3661 primum,
1689 3588 1850 3662 quod
1893 3589 2202 3664 legionem,
2236 3617 2294 3669 25

200 3690 391 3748 neque
423 3692 552 3733 eam
583 3674 977 3750 plenissimam
1010 3675 1281 3735 detractis
1320 3677 1658 3736 cohortibus
1701 3677 1928 3737 duabus
1957 3689 2017 3737 et
2043 3698 2203 3738 corn-

200 3762 456 3835 pluribus
484 3765 828 3841 singillatim,
853 3767 951 3842 qui
974 3768 1337 3825 commeatus
1364 3767 1606 3843 petendi
1637 3787 1810 3827 causa
1838 3770 1994 3828 missi
2025 3779 2204 3838 erant,

200 3864 440 3929 propter
479 3855 833 3931 paucitatem
875 3855 1312 3932 despiciebant3
1361 3866 1486 3915 turn
1530 3858 1722 3929 etiam,
1767 3857 1927 3932 quod
1971 3868 2208 3933 propter
