2796 4207
851 279 997 334 LIB.
1047 278 1159 332 111.
1206 279 1379 333 CAP.
1425 277 1694 332 III—VII.

209 444 407 502 hostes
446 441 637 499 acrius
676 439 953 498 instarent
988 437 1558 514 languidioribusque
1595 436 1804 496 nostris
1830 437 2044 496 vallum
2072 437 2222 496 scin-

206 535 345 594 dere
378 541 439 591 et
468 532 652 590 fossas
694 530 989 606 complere
1032 529 1381 604 coepissent,
1412 545 1622 604 resque
1666 537 1820 587 esset
1861 528 1975 586 iam
2012 527 2090 586 ad
2121 547 2222 588 ex·

205 637 460 686 tremum
504 623 789 700 perducta
830 639 1048 692 casum,
1082 620 1317 679 Publius
1350 620 1578 678 Sextius
1607 619 1876 692 BaculuS,
1912 619 2086 695 primi
2123 620 2226 696 pili

205 717 493 789 centurio,
523 732 704 791 quem
734 712 991 772 Nervico
1032 711 1257 788 proelio
1301 711 1698 787 compluribus
1738 711 2074 769 confectum
2101 712 2222 770 vul-

204 810 443 868 neribus
487 807 757 877 diximus,
794 813 855 862 et
894 803 1035 862 item
1066 803 1245 862 Gaius
1272 802 1623 874 Volusenu3‚
1653 802 1915 861 tribunus
1957 802 2222 876 militum,

204 901 287 958 vir
328 909 391 958 et
426 897 655 957 consilii
695 895 895 971 magni
932 903 992 952 et
1028 892 1264 964 virtutiS,
1300 892 1377 950 ad
1411 892 1660 952 Galbam
1701 901 2008 951 accurrunt
2048 901 2224 968 atque

204 1009 385 1048 unam
428 1008 559 1048 esse
602 1007 769 1066 spem
806 985 1001 1046 salutis
1038 983 1275 1056 docent,
1306 983 1354 1041 si
1382 982 1687 1058 eruptione
1717 983 1872 1041 facta
1899 992 2223 1042 extremum

203 1083 485 1140 auxilium
509 1080 921 1158 experirentur.
1010 1077 1217 1152 Itaque
1240 1075 1578 1134 convocatis
1606 1075 2041 1134 centurionibus
2071 1075 2221 1134 cele-

202 1174 338 1231 riter
380 1173 595 1231 milites
636 1172 909 1230 certiores
948 1168 1083 1227 facit
1124 1165 1416 1242 paulisper
1455 1165 1902 1224 intermitterent
1937 1166 2224 1242 proelium

203 1283 272 1322 ac
302 1262 719 1322 tantummodo
748 1263 863 1321 tela
890 1263 1065 1320 missa
1108 1257 1450 1333 exciperent
1489 1273 1668 1332 seque
1698 1273 1772 1314 ex
1798 1256 1993 1315 labore
2021 1257 2221 1316 refice-

2227 259 2311 326 95

2255 825 2282 878 5

2257 1277 2315 1312 10

202 1364 349 1427 rent,
394 1363 535 1430 post
575 1353 715 1413 dato
763 1354 930 1428 signo
975 1371 1049 1411 ex
1096 1349 1294 1408 castris
1345 1355 1717 1422 erumperent
1757 1355 1932 1422 atque
1983 1365 2223 1406 omnem

205 1465 373 1523 spem
402 1446 603 1505 salutis
631 1445 690 1503 in
716 1445 922 1503 virtute
951 1451 1257 1520 ponerent.

283 1542 394 1599 VI.
446 1538 631 1613 Quod
684 1538 821 1596 iussi
876 1547 1027 1610 sunt,
1074 1536 1292 1595 faciunt
1339 1551 1412 1591 ac
1463 1531 1656 1591 subito
1712 1531 1988 1589 omnibus
2043 1533 2224 1606 portis

206 1630 515 1706 eruptione
563 1630 719 1687 facta
765 1646 959 1704 neque
1008 1624 1427 1703 cognoscendi,
1478 1620 1624 1698 quid
1668 1621 1850 1694 fieret,
1895 1639 2092 1696 neque
2136 1624 2224 1682 sui

206 1720 525 1796 colligendi
581 1719 843 1779 hostibus
897 1719 1229 1777 facultatem
1282 1717 1633 1790 relinquunt.
1719 1713 1814 1770 Ita
1867 1722 2226 1772 commutata

207 1810 439 1871 fortuna
482 1829 607 1883 eOS,
650 1811 750 1886 qui
794 1811 852 1868 in
894 1827 1062 1886 spem
1106 1806 1524 1885 potiundorum
1566 1813 1887 1862 castrorum
1928 1814 2221 1876 venerant,

206 1902 474 1979 undique
531 1903 959 1960 circumventos
1014 1901 1364 1959 interficiunt
1409 1907 1470 1957 et
1518 1915 1592 1956 ex
1642 1893 1947 1953 hominum
1995 1895 2224 1955 milibus

208 1994 458 2068 amplius
488 2009 631 2064 xxx,
664 2009 840 2068 quem
884 2008 1191 2048 numerum
1233 1991 1608 2049 barbarorum
1651 1985 1728 2046 ad
1771 1995 1958 2046 castra
1995 1987 2222 2046 venisse

207 2079 535 2156 constabat,
572 2083 701 2160 plus
740 2083 905 2142 tertia
947 2091 1108 2158 parte
1150 2081 1454 2141 interfecta
1492 2079 1746 2156 reliquos
1789 2077 2122 2157 perterritos
2164 2079 2224 2138 in

209 2176 405 2252 fugam
436 2176 739 2234 coniciunt
761 2193 830 2232 ac
854 2192 929 2232 ne
958 2174 1018 2232 in
1045 2173 1189 2231 locis
1218 2171 1460 2247 quidem
1487 2170 1879 2248 superioribus
1907 2171 2224 2230 consistere

208 2268 525 2344 patiuntur.
606 2267 701 2326 Sic
731 2266 1003 2325 omnibus
1038 2265 1289 2323 hostium
1317 2265 1504 2340 copiis
1533 2264 1672 2324 fusis
1712 2266 2003 2343 armisque
2037 2267 2224 2326 exutis

210 2376 271 2417 se
301 2359 363 2417 in
391 2368 583 2417 castra
609 2358 1079 2433 munitionesque
1108 2374 1239 2415 suas
1266 2356 1572 2431 recipiunt.
1643 2356 1784 2433 Quo
1804 2358 2027 2433 proelio
2051 2358 2223 2429 fact0,

210 2449 375 2523 quod
416 2448 648 2524 saepius
690 2449 978 2506 fortunam
1022 2455 1306 2522 temptare
1336 2446 1525 2505 Galba
1551 2448 1789 2507 nolebat
1815 2458 1991 2524 atque
2019 2450 2134 2508 alio
2161 2467 2225 2507 se

211 2539 269 2598 in
299 2540 545 2599 hiberna
585 2539 830 2598 consilio
858 2538 1084 2597 venisse
1128 2538 1488 2610 meminerat,
1530 2540 1652 2599 aliis
1695 2541 2012 2600 occurrisse
2053 2541 2226 2599 rebus

210 2634 452 2705 viderat,
502 2633 755 2693 maxime
813 2632 1083 2691 frumenti
1137 2642 1620 2710 commeatusque
1676 2634 1874 2710 inopia
1927 2642 2226 2710 permotus

213 2735 450 2800 postero
479 2725 575 2784 die
605 2724 876 2783 omnibus
898 2724 1021 2782 eius
1042 2723 1156 2781 vici
1184 2723 1466 2783 aedificiis
1498 2726 1748 2785 incensis
1779 2726 1838 2783 in
1866 2724 2226 2800 provinciam

212 2818 417 2876 reverti
462 2814 783 2887 contendit,
816 2833 885 2872 ac
927 2814 1085 2872 nullo
1128 2814 1296 2873 hoste
1341 2816 1690 2891 prohibente
1732 2825 1832 2875 aut
1871 2817 1980 2874 iter
2020 2814 2224 2874 demo-

212 2916 373 2966 rante
416 2907 774 2965 incolumem
814 2905 1105 2981 legionem
1150 2905 1208 2962 in
1246 2905 1574 2979 Nantuatis,
1616 2905 1752 2964 inde
1792 2906 1852 2964 in
1886 2906 2228 2981 Allobroges

215 2996 485 3071 perduxit
513 2997 709 3072 ibique
739 2995 1031 3054 hiemavit.

468 3177 583 3232 The
618 3178 807 3231 Veneti
827 3178 992 3232 incito
1015 3178 1107 3235 the
1132 3180 1485 3237 Armon'can
1511 3187 1683 3235 states
1709 3185 1763 3234 to
1787 3180 1984 3236 revolt.

294 3311 431 3370 VII.
481 3311 595 3369 His
623 3311 793 3370 rebus
822 3314 999 3389 gestis
1026 3333 1163 3374 cum
1193 3316 1464 3374 omnibus
1494 3313 1570 3372 de
1600 3314 1786 3373 causis
1809 3315 2026 3374 Caesar
2052 3332 2224 3391 paca·

220 3410 336 3460 tam
364 3402 612 3462 Galliam
654 3402 1026 3479 existimaret,
1068 3406 1349 3482 superatis
1378 3405 1586 3480 Belgis,
1617 3405 1868 3481 expulsis
1899 3405 2224 3477 Germanis,

220 3492 383 3553 victis
416 3494 475 3551 in
505 3494 747 3570 Alpibus
786 3496 1052 3568 Sedunis,
1084 3505 1259 3571 atque
1303 3496 1381 3554 ita
1425 3496 1565 3553 inita
1605 3496 1795 3553 hieme
1839 3496 1898 3553 in
1935 3496 2227 3572 Illyricum

223 3584 511 3656 profectus
540 3596 710 3660 esset,
741 3586 903 3663 quod
946 3605 1044 3645 eas
1086 3604 1323 3662 quoque
1366 3586 1634 3644 nationes
1675 3583 1834 3644 adire
1873 3594 1933 3645 et
1958 3586 2226 3662 regiones

225 3690 577 3751 cognoscere
621 3679 870 3749 volebat,
914 3678 1168 3737 subitum
1217 3677 1433 3736 bellum
1479 3677 1538 3735 in
1581 3676 1769 3737 Gallia
1810 3686 2078 3736 coortum
2121 3686 2226 3735 est.

230 3764 365 3827 Eius
397 3770 531 3830 belli
561 3769 707 3827 haec
737 3768 842 3827 fuit
870 3786 1060 3827 causa.
1147 3768 1208 3826 P.
1242 3769 1482 3828 Crassus
1523 3766 1867 3826 adulescens
1909 3786 2045 3826 cum
2087 3767 2224 3843 legi-

229 3874 337 3917 one
379 3861 629 3937 septima
668 3858 965 3935 proximus
1007 3875 1165 3916 mare
1195 3857 1502 3917 Oceanum
1531 3858 1592 3915 in
1620 3855 1884 3915 Andibus
1927 3857 2221 3916 hiemarat.

2256 1738 2311 1791 ι5

2253 2190 2314 2227 20

2255 3334 2314 3385 30

2255 3780 2313 3829 35
