2796 4207
526 256 650 321 186
1173 272 1282 325 DE
1336 273 1588 327 BELLO
1641 272 1988 327 GALLICO

613 432 907 510 agendum
935 433 1252 506 constituit,
1281 450 1460 509 quam
1487 451 1611 493 rem
1639 433 2070 493 frumentariam
2107 434 2456 513 expedisset.
2537 440 2620 498 At

609 524 1047 601 Vercingetorix
1075 523 1271 584 castris
1300 541 1488 601 prope
1517 524 1803 601 oppidum
1841 524 2046 601 positis
2079 524 2476 586 mediocribus
2502 528 2615 587 cir·

610 624 748 674 cum
774 633 838 674 se
867 615 1173 675 intervallis
1202 616 1510 693 separatim
1538 616 1888 692 singularum
1918 615 2236 675 civitatium
2264 618 2467 693 copias
2493 620 2618 679 col-

608 706 917 779 locaverat,
965 716 1142 782 atque
1186 706 1458 766 omnibus
1503 707 1626 766 eius
1673 706 1792 781 iugi
1836 705 2083 766 collibus
2127 708 2452 783 occupatiS,
2500 728 2622 786 qua

556 815 584 869 5
609 796 833 874 despici
874 806 1121 874 poterat,
1164 796 1497 857 horribilem
1539 796 1801 873 speciem
1841 797 2164 872 praebebat
2203 798 2620 875 principesque

608 906 809 947 earum
857 889 1193 960 civitatium,
1232 905 1382 964 quos
1425 887 1533 947 sibi
1573 886 1650 945 ad
1693 888 2009 947 concilium
2051 889 2412 964 capiendum
2457 889 2620 950 dele-

608 989 787 1055 gerat,
815 979 1003 1055 prima
1042 979 1173 1038 luce
1216 977 1434 1038 cotidie
1469 976 1545 1038 ad
1582 996 1646 1037 se
1690 979 2006 1037 convenire
2049 979 2307 1053 iubebat,
2338 998 2442 1039 seu
2472 980 2621 1056 quid

608 1068 1189 1143 communicandum,
1217 1086 1323 1129 seu
1352 1069 1495 1145 quid
1523 1068 2048 1129 administrandum
2078 1070 2387 1144 videretur,
2417 1088 2619 1147 neque

607 1160 789 1218 ullum
811 1161 930 1219 fere
953 1160 1111 1220 diem
1141 1161 1577 1234 intermittebat,
1600 1160 1744 1237 quin
1765 1161 2021 1237 equestri
2049 1162 2273 1237 proelio
2304 1162 2625 1221 interiectis

524 1274 583 1310 10
607 1251 925 1327 sagittariiS‚
969 1251 1113 1327 quid
1155 1253 1215 1311 in
1256 1270 1494 1328 quoque
1545 1261 1697 1312 esset
1746 1252 1923 1311 animi
1969 1271 2041 1311 ac
2087 1253 2312 1312 virtutis
2357 1271 2623 1327 suorum,

606 1342 979 1417 perspiceret.
1066 1344 1208 1401 Erat
1234 1361 1266 1401 e
1297 1344 1535 1419 regione
1565 1341 1773 1419 oppidi
1801 1343 1964 1403 collis
2001 1344 2109 1403 sub
2143 1344 2284 1420 ipsis
2323 1343 2626 1404 radicibus
2731 1330 2733 1347 ³

608 1433 824 1492 montis
868 1434 1099 1510 egregie
1144 1434 1404 1493 munitus
1445 1444 1622 1511 atque
1663 1452 1740 1493 ex
1779 1435 1942 1495 omni
1983 1444 2147 1511 parte
2197 1435 2586 1495 circumcisus
2606 1456 2632 1509 3-

608 1542 788 1599 quem
816 1524 864 1582 si
890 1533 1159 1583 tenerent
1189 1525 1388 1599 nostri,
1419 1535 1479 1585 et
1505 1542 1694 1602 aquae
1722 1543 1935 1601 magna
1961 1535 2124 1601 parte
2155 1535 2215 1583 et
2242 1526 2627 1601 pabulatione
2732 1574 2733 1607 ᾖ

607 1614 787 1674 libera
826 1614 1167 1690 prohibituri
1211 1616 1408 1675 hostes
1449 1615 1816 1676 videbantur.
1899 1615 2019 1675 Sed
2046 1617 2094 1674 is
2122 1615 2287 1675 locus
2326 1616 2628 1691 praesidio
2731 1660 2733 1701 3

525 1720 583 1774 15
608 1705 683 1766 ab
727 1705 813 1765 his
854 1724 975 1766 non
1025 1707 1197 1767 nimis
1244 1707 1416 1768 firmo
1461 1708 1786 1767 tenebatur.
1867 1708 2098 1766 Tamen
2147 1707 2378 1767 silentio
2427 1708 2627 1767 noctis
2732 1702 2733 1751 f

609 1796 825 1857 Caesar
870 1816 943 1855 ex
992 1798 1191 1857 castris
1240 1816 1524 1875 egressuS,
1570 1799 1906 1874 priusquam
1958 1796 2218 1857 subsidio
2267 1816 2342 1857 ex
2391 1798 2627 1874 oppido

608 1889 789 1947 veniri
818 1898 1033 1964 posset,
1060 1888 1294 1949 deiecto
1323 1888 1620 1966 praesidio
1647 1888 1868 1965 potitus
1896 1888 2050 1960 loco,
2073 1888 2220 1947 duas
2247 1888 2328 1948 ibi
2356 1887 2627 1965 legiones
2732 1886 2733 1943 ξ

609 1979 918 2038 collocavit
958 1979 1291 2057 fossamque
1334 1979 1635 2057 duplicem
1679 1978 2025 2039 duodenum
2066 1979 2293 2055 pedum
2322 1998 2357 2037 a
2386 1980 2624 2045 maiori·
2731 1976 2733 2001 ³

608 2071 717 2132 bus
746 2074 944 2133 castris
974 2072 1051 2133 ad
1080 2072 1309 2133 minora
1343 2071 1635 2150 perduxit,
1664 2081 1732 2132 ut
1759 2081 1884 2133 tuto
1912 2071 1988 2131 ab
2015 2072 2326 2148 repentino
2363 2071 2626 2133 hostium

524 2185 586 2221 20
610 2163 842 2224 incursu
870 2167 1047 2225 etiam
1078 2165 1286 2242 singuli
1316 2183 1654 2226 commeare
1683 2173 1940 2239 possent.

687 2257 997 2316 XXXVII.
1056 2257 1216 2315 Dum
1272 2256 1420 2315 haec
1475 2255 1553 2315 ad
1609 2254 1960 2330 Gergoviam
2014 2262 2309 2328 geruntur,
2366 2254 2626 2314 Convic-
2732 2317 2733 2332 ἶ

608 2347 853 2406 tolitavis
901 2346 1161 2420 AeduuS,
1217 2348 1315 2406 cui
1368 2346 1768 2422 magistratum
1823 2342 2225 2402 adiudicatum
2277 2362 2316 2402 a
2368 2343 2628 2414 Caesare
2731 2333 2733 2400 ἒ

557 2488 563 2493 .
608 2437 1148 2511 demonstravimuS,
1190 2438 1528 2498 sollicitatus
1582 2435 1660 2495 ab
1703 2435 1970 2493 Arvernis
2011 2434 2266 2510 pecunia
2306 2452 2444 2492 curn
2497 2435 2624 2510 qui·

606 2529 857 2589 busdam
897 2529 1365 2589 adulescentibus
1409 2526 1796 2602 colloquitur3
1863 2542 2112 2600 quorum
2169 2533 2293 2583 erat
2345 2525 2626 2600 princeps

520 2645 547 2680 2
552 2641 578 2695 5
611 2620 935 2679 Litaviccus
976 2631 1151 2696 atque
1192 2620 1316 2679 eius
1349 2619 1568 2691 fratres,
1610 2616 1966 2693 amplissima
2001 2614 2216 2673 familia
2256 2615 2379 2672 nati
2419 2614 2623 2673 adule-

607 2721 854 2772 scentes.
958 2712 1109 2771 Cum
1154 2710 1241 2769 his
1290 2710 1615 2786 praemium
1664 2705 2061 2766 communicat
2109 2705 2513 2779 hortaturque,
2563 2714 2626 2763 ut
2732 2695 2733 2748 ἶ

606 2821 670 2862 se
699 2803 910 2861 liberos
939 2811 999 2860 et
1026 2801 1269 2878 imperio
1310 2811 1482 2860 natos
1525 2798 1914 2859 meminerint.
1997 2795 2194 2854 Unam
2224 2813 2351 2853 esse
2382 2794 2621 2854 Aeduo-

605 2914 734 2953 rum
776 2893 1085 2965 civitatem,
1116 2910 1267 2969 quae
1309 2892 1692 2952 certissimam
1719 2889 1945 2950 Galliae
1973 2886 2276 2945 victoriam
2317 2885 2620 2954 detineat;

607 2985 730 3044 eius
772 2984 1111 3044 auctoritate
1152 2983 1400 3060 reliquas
1429 2981 1751 3040 contineri
1734 3025 1752 3053 ,
1796 2997 1914 3054 qua
1941 2976 2208 3036 traducta
2247 2977 2446 3035 locum
2477 2996 2620 3037 con-

520 3115 582 3168 30
606 3075 846 3135 sistendi
903 3075 1186 3134 Romanis
1239 3074 1301 3132 in
1356 3073 1546 3133 Gallia
1596 3089 1718 3131 non
1772 3071 1915 3130 fore.
2013 3069 2158 3127 Esse
2216 3067 2502 3126 nonnullo
2561 3086 2622 3126 se

607 3166 868 3226 Caesaris
909 3166 1199 3224 beneficio
1240 3165 1532 3235 affectum,
1570 3164 1655 3223 sic
1696 3172 1914 3234 tamen,
1943 3169 2007 3218 ut
2049 3158 2418 3217 iustissimam
2462 3157 2620 3233 apud

606 3275 742 3316 eum
771 3275 1006 3315 causam
1034 3255 1383 3328 obtinuerit;
1427 3253 1534 3314 sed
1563 3253 1692 3330 plus
1732 3250 2034 3311 communi
2070 3248 2317 3308 libertati
2345 3248 2614 3308 tribuere.

607 3347 730 3408 Cur
768 3347 923 3406 enim
971 3347 1164 3422 potius
1212 3345 1404 3405 Aedui
1448 3344 1525 3403 de
1575 3362 1682 3403 suo
1711 3343 1832 3402 iure
1874 3350 1934 3401 et
1975 3338 2052 3400 de
2093 3339 2318 3416 legibus
2358 3337 2440 3398 ad
2469 3339 2616 3400 Cae·

605 3455 795 3497 sarem
849 3435 1319 3514 disceptatorem,
1369 3454 1548 3512 quam
1605 3432 1862 3493 Romani
1914 3431 1993 3491 ad
2048 3430 2292 3490 Aeduos
2338 3430 2615 3489 veniant?

518 3559 581 3613 35
607 3529 887 3590 Celeriter
925 3528 1393 3588 adulescentibus
1438 3536 1497 3584 et
1537 3527 1798 3586 oratione
1845 3524 2212 3602 magistratus
2254 3532 2314 3584 et
2355 3520 2612 3598 praemio

607 3619 893 3692 deductiS,
924 3637 1061 3677 cum
1100 3637 1162 3678 se
1203 3618 1294 3676 vel
1337 3618 1632 3694 principes
1674 3618 1798 3677 eius
1839 3616 2066 3677 consilii
2106 3615 2229 3673 fore
2271 3612 2607 3690 profiteren-

606 3718 717 3782 tur,
766 3711 911 3768 ratio
966 3707 1307 3786 perficiendi
1364 3709 1766 3782 quaerebatur,
1822 3705 1987 3784 quod
2043 3705 2335 3765 civitatem
2393 3712 2607 3761 temere

607 3799 685 3866 ad
739 3798 1175 3876 suscipiendum
1234 3798 1454 3858 bellum
1521 3797 1739 3857 adduci
1792 3815 1966 3874 posse
2021 3814 2146 3855 non
2213 3792 2604 3853 confidebant.
