2796 4207
506 220 633 287 202
1148 250 1257 303 DE
1312 249 1567 304 BELLO
1619 249 1974 305 GALLICO

589 402 844 479 caedes;
886 408 1151 467 nonnulli
1198 408 1411 469 relictis
1460 410 1628 485 equis
1669 410 1882 470 fossam
1921 410 2161 469 transire
2191 420 2250 469 et
2291 409 2614 470 maceriam

587 497 1000 559 transcendere
1048 510 1351 561 conantur.
1433 501 1683 561 Paulum
1725 502 1983 579 legiones
2031 501 2266 575 Caesar,
2307 518 2460 577 quas
2509 518 2618 577 pro

585 588 735 649 vallo
780 590 1179 665 constituerat,
1230 593 1562 668 promoveri
1605 592 1784 652 iubet.
1869 592 2014 653 Non
2062 592 2273 664 minus,
2315 592 2424 667 qui
2467 591 2620 650 intra

586 682 941 741 munitiones
982 693 1163 755 erant,
1194 683 1602 759 perturbantur
1631 683 1780 743 Galli
1801 704 1820 756 3
1863 683 2047 741 veniri
2082 680 2159 742 ad
2194 700 2259 741 se
2297 681 2620 741 confestim

532 796 561 851 5
586 773 981 833 existimantes
1007 772 1086 833 ad
1114 792 1275 833 arma
1303 774 1713 848 conclamant;
1757 774 2017 833 nonnulli
2046 773 2332 850 perterriti
2353 773 2419 831 in
2447 772 2620 849 oppi-

584 862 729 924 dum
770 865 1111 941 irrumpunt.
1197 865 1637 940 Vercingetorix
1679 864 1838 925 iubet
1877 874 2076 941 portas
2116 862 2326 935 claudi,
2369 880 2454 922 ne
2499 880 2622 921 cas·

584 965 672 1015 tra
713 954 1023 1015 nudentur.
1124 955 1327 1015 Multis
1376 955 1710 1028 interfectis,
1761 955 2159 1032 compluribus
2207 954 2377 1031 equis
2427 954 2623 1030 captis

586 1046 867 1106 Germani
908 1064 1039 1105 sese
1079 1047 1385 1123 recipiunt.

666 1136 881 1195 LXXI.
921 1138 1377 1215 Vercingetorix,
1417 1136 1757 1213 priusquam
1797 1136 2154 1197 munitiones
2197 1136 2274 1195 ab
2320 1135 2624 1195 Romanis

500 1254 560 1291 ro
583 1228 972 1304 perficiantur,
1016 1229 1323 1289 consilium
1371 1230 1547 1306 capit,
1578 1246 1819 1288 ornnem
1847 1228 1923 1287 ab
1967 1245 2030 1287 se
2059 1228 2388 1304 equitatum
2431 1236 2620 1286 noctu

582 1317 891 1379 dimittere.
978 1319 1431 1380 Discedentibus
1479 1318 1738 1392 mandat,
1783 1329 1846 1379 ut
1893 1337 2060 1379 suam
2107 1318 2359 1395 quisque
2407 1335 2622 1377 eorum

581 1410 877 1471 civitatem
913 1409 1087 1470 adeat
1128 1429 1472 1487 omnesque,
1503 1411 1605 1488 qui
1645 1428 1755 1487 per
1795 1420 2047 1469 aetatem
2090 1427 2252 1468 arma
2283 1409 2440 1468 ferre
2481 1425 2618 1485 pos·

582 1502 716 1574 sint,
746 1500 823 1561 ad
860 1502 1077 1562 bellum
1104 1512 1337 1580 cogant.
1421 1503 1538 1562 Sua
1565 1502 1625 1561 in
1657 1501 1784 1561 illos
1814 1501 2019 1560 merita
2045 1500 2324 1577 proponit
2351 1500 2619 1561 obtesta-

584 1603 810 1669 turque,
852 1603 916 1652 ut
958 1611 1095 1653 suae
1134 1593 1329 1653 salutis
1370 1593 1658 1653 rationem
1702 1593 1974 1666 habeant,
2019 1609 2136 1651 neu
2164 1609 2229 1651 se
2270 1590 2508 1669 optime
2543 1588 2620 1649 de

501 1701 520 1738 ι
528 1696 556 1752 5
583 1684 884 1745 communi
930 1684 1193 1745 libertate
1242 1685 1513 1744 meritum
1563 1686 1826 1745 hostibus
1881 1685 1943 1744 in
1990 1684 2314 1744 cruciatum
2367 1681 2616 1743 dedant.

584 1774 767 1850 Quod
794 1776 842 1835 si
880 1774 1334 1852 indiligentiores
1370 1776 1597 1849 suerint,
1627 1775 1784 1835 milia
1824 1774 2132 1835 hominum
2173 1772 2413 1833 delecta
2452 1789 2618 1833 Lxxx
2723 1828 2725 1841 ,

582 1884 700 1925 una
746 1884 949 1926 secum
996 1867 1293 1926 interitura
1340 1866 1717 1927 demonstrat.
1802 1867 2054 1926 Ratione
2103 1865 2247 1925 inita
2293 1882 2363 1925 se
2401 1865 2617 1943 exigue

584 1956 810 2015 dierum
864 1973 993 2016 xxx
1048 1957 1261 2018 habere
1318 1959 1691 2032 frumentum,
1749 1958 1855 2019 sed
1903 1958 2080 2035 paulo
2136 1958 2315 2018 etiam
2378 1957 2615 2035 longius

584 2048 810 2108 tolerari
850 2067 1024 2125 posse
1052 2050 1370 2126 parcendo.
1459 2051 1572 2110 His
1612 2048 1762 2111 datis
1805 2049 2113 2124 mandatis,
2143 2068 2264 2128 qua
2303 2068 2465 2128 opus
2492 2059 2616 2111 erat

496 2161 559 2198 20
583 2141 993 2212 intermissum,
1030 2140 1292 2200 secunda
1318 2142 1508 2218 vigilia
1542 2142 1771 2202 silentio
1817 2143 2142 2218 equitatum
2183 2143 2381 2203 mittit.
2471 2142 2524 2202 F
2523 2159 2612 2200 ru-

582 2242 847 2291 mentum
869 2249 1046 2291 omne
1074 2231 1150 2291 ad
1174 2251 1236 2292 se
1257 2233 1454 2291 referri
1482 2233 1681 2307 iubet;
1723 2234 1933 2310 capitis
1961 2251 2218 2309 poenam
2247 2233 2334 2306 iis,
2355 2233 2463 2310 qui
2493 2250 2612 2292 non

582 2324 892 2399 paruerint,
922 2323 1219 2382 constituit
1239 2344 1257 2397 3
1298 2340 1502 2400 pecuS‚
1532 2324 1698 2383 cuius
1726 2342 1938 2400 magna
1975 2334 2099 2383 erat
2126 2323 2300 2400 copia
2327 2324 2404 2384 ab
2440 2324 2610 2384 Man·

585 2413 775 2473 dubiis
816 2413 1137 2489 compulsa,
1167 2414 1375 2473 viritim
1419 2414 1724 2487 distribuit,
1753 2415 2107 2475 frumentum
2151 2431 2326 2490 parce
2364 2424 2429 2474 et
2467 2431 2608 2492 pau·

583 2505 742 2563 latim
772 2505 960 2564 metiri
998 2505 1253 2564 instituit.
1339 2505 1558 2581 Copias
1591 2523 1817 2578 ornnes,
1847 2523 1994 2582 quas
2021 2521 2129 2582 pro
2166 2503 2396 2581 oppido
2425 2505 2608 2565 collo·

498 2607 557 2661 25
583 2605 829 2669 caverat,
869 2597 930 2654 in
971 2595 1258 2672 oppidum
1298 2596 1539 2672 recepit.
1626 2597 1741 2656 His
1775 2596 2096 2656 rationibus
2131 2596 2343 2656 auxilia
2379 2597 2608 2657 Galliae

583 2697 922 2764 exspectare
952 2696 1012 2745 et
1040 2686 1254 2746 bellum
1282 2697 1448 2762 parat
1473 2685 1894 2746 administrare.
2033 2735 2038 2738 .

664 2779 911 2837 LXXII.
956 2778 1185 2852 Quibus
1226 2779 1400 2839 rebus
1428 2778 1674 2854 cognitis
1703 2797 1778 2837 ex
1814 2777 2068 2855 perfugis
2102 2788 2163 2837 et
2188 2778 2432 2854 captivis
2457 2778 2604 2840 Cae·

582 2888 673 2930 sar
709 2869 856 2928 haec
883 2887 1099 2945 genera
1138 2869 1474 2928 munitionis
1508 2870 1769 2930 instituit.
1856 2870 2099 2928 Fossam
2139 2867 2365 2944 pedum
2403 2868 2602 2946 viginti

581 2960 813 3019 directis
854 2961 1124 3018 lateribus
1154 2958 1334 3031 duxit,
1364 2969 1429 3018 ut
1457 2960 1581 3019 eius
1609 2961 1798 3020 fossae
1829 2961 2020 3020 solum
2059 2959 2409 3020 tantundem
2438 2969 2597 3037 pate-

493 3080 555 3132 30
579 3060 683 3123 ret,
706 3061 990 3127 quantum
1012 3069 1274 3108 summae
1303 3050 1494 3109 fossae
1519 3050 1684 3112 labra
1710 3051 2005 3110 distarent.
2081 3051 2362 3127 Reliquas
2389 3067 2597 3112 omnes

579 3143 933 3201 munitiones
960 3142 1036 3201 ab
1078 3160 1149 3199 ea
1189 3142 1343 3200 fossa
1370 3141 1558 3217 pedes
1597 3142 2056 3219 quadringentos
2097 3141 2345 3214 reduxit,
2391 3140 2454 3201 id
2482 3142 2594 3201 hoc

580 3234 841 3305 consilio,
868 3233 1147 3309 quoniam
1178 3243 1404 3293 tanturn
1432 3243 1587 3293 esset
1612 3235 1945 3294 necessario
1971 3233 2226 3310 spatium
2255 3234 2594 3309 complexus

580 3343 692 3383 nec
721 3324 889 3383 facile
917 3335 1108 3384 totum
1139 3343 1351 3401 corpus
1384 3342 1608 3383 corona
1627 3325 1875 3383 militum
1903 3325 2250 3401 cingeretur,
2279 3342 2356 3382 ne
2386 3323 2463 3383 de
2492 3324 2590 3381 im-

577 3416 811 3492 proviso
839 3425 939 3476 aut
960 3427 1140 3476 noctu
1169 3416 1247 3476 ad
1275 3417 1630 3475 munitiones
1660 3415 1916 3474 hostium
1935 3414 2248 3474 multitudo
2277 3413 2586 3484 advolaret,

490 3520 553 3578 35
578 3517 680 3568 aut
704 3507 956 3566 interdiu
986 3507 1101 3566 tela
1128 3508 1188 3565 in
1216 3516 1444 3565 nostros
1473 3505 1639 3581 operi
1683 3504 2004 3565 destinatos
2031 3507 2304 3565 conicere
2335 3513 2582 3582 possent.

581 3599 721 3657 Hoc
761 3599 1089 3658 intermisso
1118 3598 1307 3673 spatio
1337 3595 1483 3655 duas
1511 3597 1692 3655 fossas
1727 3595 2065 3672 quindecim
2095 3595 2280 3673 pedes
2309 3597 2466 3669 lam,
2495 3612 2583 3654 ea·

579 3686 718 3747 dern
760 3687 1083 3758 altitudine,
1125 3685 1434 3762 perduxit3
1491 3704 1734 3762 quarum
1785 3687 2118 3745 interiorem
2170 3685 2581 3763 campestribus

578 3795 649 3834 ac
677 3776 943 3834 demissis
982 3775 1126 3833 locis
1162 3793 1315 3849 aqua
1342 3792 1418 3833 ex
1458 3773 1694 3834 flumine
1738 3775 1996 3835 derivata
2035 3777 2368 3852 complevit.
2451 3777 2581 3835 Post
