2796 4207
485 218 607 285 174
1122 235 1231 289 DE
1286 234 1540 287 BELLo
1595 232 1939 289 GAmeo

562 378 870 458 oppidum,
899 396 1048 457 quos
1076 379 1157 439 ibi
1188 378 1503 437 Helvetico
1531 377 1756 455 proelio
1784 377 1970 437 victos
1993 377 2212 439 Caesar
2237 378 2564 439 collocave-

560 481 648 530 rat
674 469 1012 546 Aeduisque
1042 470 1395 539 attribuerat,
1427 486 1767 545 oppugnare
1797 467 2058 528 instituit.

639 562 712 621 X.
760 562 1037 637 Magnam
1081 560 1227 618 haec
1268 577 1360 618 res
1405 558 1640 618 Caesari
1681 558 2084 618 difficultatem
2133 558 2211 618 ad
2263 560 2572 619 consilium

559 651 915 728 capiendum
956 650 1248 723 afferebat,
1280 650 1326 708 si
1364 650 1646 725 reliquam
1688 659 1914 726 partem
1957 650 2166 709 hiemis
2194 669 2315 710 uno
2345 652 2405 710 in
2433 652 2570 711 loco

504 752 530 807 5
557 742 816 819 legiones
862 742 1204 810 contineret,
1261 757 1335 799 ne
1393 738 1777 816 stipendiariis
1821 740 2162 799 Aeduorum
2221 743 2570 818 expugnatis

557 844 771 892 cuncta
798 834 987 893 Gallia
1014 832 1310 904 deficeret,
1340 830 1506 908 quod
1533 831 1754 889 nullum
1785 831 1988 889 amicis
2018 832 2077 889 in
2108 850 2181 891 eo
2210 833 2569 907 praesidium

556 924 846 983 videretur
887 924 1141 999 positum
1180 942 1307 981 esse
1329 943 1346 996 3
1390 923 1439 981 si
1467 922 1744 981 maturius
1772 940 1846 980 ex
1876 922 2128 981 hibernis
2157 923 2457 997 educeret,
2490 943 2566 984 ne

556 1015 631 1074 ab
664 1033 725 1074 re
754 1014 1127 1073 frumentaria
1164 1013 1319 1071 duris
1362 1012 1836 1072 subvectionibus
1876 1013 2178 1073 laboraret.
2267 1016 2566 1075 Praestare

555 1108 742 1164 visum
770 1116 858 1164 est
885 1116 1081 1163 tamen
1111 1105 1300 1163 omnis
1328 1103 1699 1163 difficultates
1728 1105 1974 1180 perpeti,
2003 1122 2182 1180 quam
2221 1114 2382 1164 tanta
2420 1124 2568 1166 con·

474 1214 532 1251 10
556 1196 793 1255 tumelia
820 1206 1067 1270 accepta
1087 1196 1349 1253 omnium
1378 1213 1617 1253 suorum
1639 1196 1966 1255 voluntates
1993 1197 2262 1255 alienare.
2351 1198 2564 1274 Itaque

556 1287 888 1345 cohortatus
917 1285 1157 1343 Aeduos
1186 1284 1263 1343 de
1302 1285 1706 1361 supportando
1748 1296 2083 1346 commeatu
2126 1287 2449 1363 praemittit
2490 1287 2569 1346 ad

557 1378 751 1449 Boios,
794 1378 893 1453 qui
926 1376 1002 1435 de
1042 1395 1150 1435 suo
1192 1376 1447 1435 adventu
1493 1376 1750 1437 doceant
1791 1378 2230 1454 hortenturque,
2262 1388 2325 1436 ut
2355 1377 2419 1437 in
2447 1378 2566 1438 fide

558 1479 830 1527 maneant
869 1478 1045 1543 atque
1088 1468 1341 1527 hostium
1385 1470 1673 1545 impetum
1715 1487 1930 1546 magno
1972 1470 2170 1528 animo
2219 1468 2562 1530 sustineant.

560 1558 799 1619 Duabus
841 1557 1128 1634 Agedinci
1176 1558 1502 1634 legionibus
1545 1569 1722 1635 atque
1763 1559 2200 1637 impedimentis
2243 1560 2421 1619 totius
2467 1578 2567 1618 ex-

474 1675 529 1727 15
556 1653 767 1712 ercitus
794 1651 1003 1709 relictis
1031 1649 1109 1709 ad
1141 1652 1318 1710 Boios
1345 1652 1747 1728 proficiscitur.

561 1819 771 1875 Caesar
810 1818 1062 1873 marches
1098 1819 1329 1873 toward
1358 1820 1703 1884 Avaricum,
1743 1820 1948 1891 taking
1979 1818 2132 1875 three
2166 1818 2325 1875 cities
2358 1836 2431 1873 on
2473 1820 2565 1875 the

606 1918 752 1972 way.
838 1898 949 1953 The
974 1899 1266 1971 Bitunges
1288 1900 1433 1953 burn
1460 1901 1550 1953 all
1569 1899 1720 1953 their
1741 1907 1923 1954 towns
1947 1904 2139 1971 except
2160 1901 2509 1955 Avaricum.

635 2037 741 2095 XI.
785 2036 982 2094 Altero
1012 2035 1107 2094 die
1137 2053 1273 2093 cum
1304 2034 1382 2093 ad
1409 2033 1698 2111 oppidum
1727 2034 2026 2093 Senonum
2045 2034 2568 2095 Vellaunodunum

556 2128 822 2198 venisset,
846 2146 921 2186 ne
946 2147 1125 2204 quem
1146 2137 1279 2204 post
1300 2145 1363 2186 se
1392 2125 1624 2185 hostem
1652 2125 2017 2201 relinqueret,
2047 2144 2170 2202 quo
2199 2126 2568 2203 expeditiore

556 2243 617 2284 re
646 2225 1016 2284 frumentaria
1044 2229 1313 2291 uteretur,
1343 2235 1686 2294 oppugnare
1728 2217 1973 2275 instituit
2008 2217 2188 2294 idque
2229 2217 2415 2277 biduo
2455 2219 2569 2278 cir·

558 2316 919 2376 cumvallavit
941 2337 957 2390 ς
1000 2313 1170 2374 tertio
1198 2310 1295 2370 die
1324 2309 1513 2368 missis
1542 2327 1616 2366 ex
1643 2306 1869 2384 oppido
1896 2308 2098 2384 legatis
2126 2307 2203 2367 de
2235 2307 2563 2382 deditione,

471 2425 530 2460 20
558 2425 720 2467 arma
748 2407 1012 2478 conferri,
1042 2406 1302 2463 iumenta
1327 2399 1595 2476 produci,
1626 2410 1935 2458 sexcentos
1963 2398 2200 2458 obsides
2229 2398 2356 2458 dari
2385 2400 2566 2460 iubet.

561 2499 649 2557 Ea
688 2499 788 2575 qui
830 2498 1163 2566 conficeret,
1205 2495 1274 2553 C.
1304 2491 1666 2551 Trebonium
1708 2491 1964 2566 legatum
2005 2489 2295 2566 relinquit,
2333 2491 2462 2566 ipse
2507 2500 2571 2550 ut

556 2609 732 2668 quam
754 2592 1005 2668 primum
1028 2591 1134 2649 iter
1155 2590 1386 2648 faceret.
1458 2585 1768 2644 Cenabum
1791 2584 2114 2643 Carnutum
2134 2583 2566 2661 proficiscitur3

556 2685 674 2758 qui,
697 2694 821 2742 tum
843 2682 1093 2758 primum
1116 2682 1287 2739 allato
1309 2677 1517 2737 nuntio
1540 2675 1616 2734 de
1645 2676 2084 2751 oppugnatione
2105 2675 2563 2748 Vellaunoduni‚

556 2791 690 2832 cum
735 2773 963 2849 longius
1008 2791 1137 2831 eam
1182 2790 1307 2830 rem
1351 2770 1597 2829 ductum
1641 2768 1708 2826 iri
1752 2767 2163 2838 existimarent,
2207 2765 2563 2842 praesidium

469 2878 529 2931 25
556 2864 782 2924 Cenabi
808 2863 1012 2923 tuendi
1040 2881 1232 2934 causa,
1255 2860 1421 2938 quod
1449 2880 1524 2920 eo
1552 2860 1864 2930 mitterent,
1895 2857 2332 2932 comparabant.
2420 2859 2560 2917 Huc

554 2954 737 3014 biduo
778 2955 1052 3031 pervenit.
1140 2953 1355 3012 Castris
1396 2962 1533 3010 ante
1568 2948 1856 3027 oppidum
1895 2949 2118 3024 positiS,
2149 2947 2267 3007 diei
2298 2957 2561 3024 tempore

556 3045 822 3104 exclusus
850 3046 911 3104 in
942 3055 1237 3121 posterum
1266 3042 1769 3119 oppugnationem
1799 3038 2005 3110 differt,
2031 3056 2301 3114 quaeque
2324 3037 2401 3096 ad
2431 3056 2561 3097 eam

555 3151 679 3193 rem
720 3137 850 3196 usui
892 3136 1022 3207 sint,
1053 3135 1327 3194 militibus
1355 3134 1601 3208 imperat
1628 3142 1705 3204 et,
1736 3129 1900 3206 quod
1929 3128 2219 3206 oppidum
2249 3129 2558 3189 Cenabum

556 3240 706 3298 pons
735 3227 985 3287 fluminis
1016 3226 1234 3303 Ligeris
1272 3224 1628 3296 continebat,
1657 3223 1890 3296 veritus,
1920 3239 1995 3280 ne
2024 3229 2202 3279 nocte
2233 3238 2306 3278 ex
2335 3218 2558 3297 oppido

469 3335 533 3386 30
555 3315 946 3393 profugerent,
977 3318 1122 3377 duas
1156 3316 1416 3392 legiones
1456 3314 1517 3372 in
1551 3314 1724 3372 armis
1766 3313 2056 3372 excubare
2099 3310 2279 3370 iubet.
2365 3309 2555 3370 Cena-

556 3401 768 3466 benses
797 3409 970 3485 paulo
998 3420 1132 3468 ante
1162 3406 1416 3466 mediam
1455 3415 1694 3464 noctem
1727 3403 1958 3463 silentio
1987 3421 2062 3461 ex
2091 3401 2318 3478 oppido
2347 3399 2556 3477 egressi

556 3488 773 3555 flumen
803 3500 1040 3559 transire
1068 3505 1410 3574 coeperunt.
1482 3495 1616 3571 Qua
1636 3513 1699 3554 re
1721 3513 1828 3571 per
1853 3494 2247 3570 exploratores
2277 3493 2554 3562 nuntiata,

556 3578 775 3678 Caesar
802 3591 1078 3667 leg10nes,
1108 3607 1251 3666 quas
1293 3585 1596 3662 expeditas
1635 3604 1762 3645 esse
1799 3586 2057 3656 iusserat,
2090 3585 2272 3661 portis
2309 3581 2557 3642 incensis

554 3678 884 3739 intromittit
910 3690 1083 3754 atque
1112 3677 1337 3755 oppido
1368 3677 1586 3753 potitur
1612 3676 1918 3753 perpaucis
1939 3693 2012 3734 ex
2034 3675 2289 3735 hostium
2315 3689 2557 3734 numero

465 3767 527 3817 35
556 3753 916 3840 desideratis,
946 3769 1085 3842 quin
1114 3767 1311 3825 cuncti
1344 3775 1706 3842 caperentur,
1736 3763 1900 3840 quod
1937 3765 2135 3840 pontis
2173 3774 2350 3840 atque
2393 3765 2554 3824 itine-
