2796 4207
846 243 990 296 LIB.
1034 244 1139 297 v1.
1185 245 1351 298 CAP.
1394 247 1626 301 v1-1x.
2159 235 2284 299 153

168 410 298 467 bat.
390 408 679 467 Labienus
720 416 902 465 noctu
952 408 1191 466 tribunis
1241 408 1489 466 militum
1531 411 1848 487 primisque
1894 412 2196 473 ordinibus

168 500 543 569 convocatiS,
600 498 745 573 quid
802 499 887 555 sui
936 499 1009 556 sit
1062 499 1306 571 consilii,
1353 502 1630 575 proponit
1674 513 1751 572 et,
1802 522 1922 578 quo
1972 504 2196 564 facilius

166 591 445 650 hostibus
481 590 702 647 timoris
741 588 843 648 det
870 590 1282 665 suspicionem,
1315 591 1531 650 maiore
1561 594 1801 669 strepitu
1834 604 1894 653 et
1922 597 2190 669 tumultu,

167 700 359 757 quarn
396 681 599 756 populi
643 680 897 739 Romani
939 681 1047 739 fert
1087 680 1476 753 consuetudo,
1520 694 1708 742 castra
1749 688 1971 745 moveri
2012 688 2190 747 iubet.

166 773 292 829 His
324 771 501 830 rebus
523 772 691 847 fugae
722 771 969 829 similem
998 772 1425 847 profectionem
1454 774 1663 833 effecit.
1753 778 1925 835 Haec
1954 795 2192 853 quoque
2223 792 2249 844 5

165 881 280 938 per
311 863 709 937 exploratores
737 856 871 921 ante
901 864 1092 922 lucem
1127 864 1187 922 in
1216 873 1377 923 tanta
1406 868 1838 943 propinquitate
1871 878 2192 928 castrorum

163 954 249 1012 ad
281 954 487 1013 hostes
517 954 869 1013 deseruntur.

249 1045 436 1103 VIII.
478 1046 594 1102 Vix
614 1064 825 1121 agmen
847 1047 1227 1105 novissimum
1249 1058 1414 1107 extra
1436 1050 1788 1109 munitiones
1809 1060 2189 1125 processerat,

166 1155 311 1194 cum
346 1136 517 1207 Galli,
548 1136 835 1195 cohortati
864 1139 1014 1196 inter
1040 1156 1121 1209 se,
1153 1158 1229 1197 ne
1268 1149 1560 1214 speratam
1596 1140 1876 1217 praedam
1905 1160 1979 1201 ex
2007 1142 2186 1203 mani-

166 1229 280 1287 bus
322 1228 723 1300 dimitterent3
766 1229 1007 1303 longum
1036 1247 1181 1301 esse,
1212 1231 1523 1305 perterritis
1554 1232 1836 1290 Romanis
1867 1232 2189 1291 Germano·
2222 1249 2281 1285 ro

166 1338 299 1377 rum
355 1319 632 1377 auxilium
682 1330 1039 1395 exspectare,
1092 1338 1286 1395 neque
1334 1340 1496 1379 suam
1549 1323 1668 1398 pati
1717 1321 2078 1398 dignitatem,
2129 1332 2192 1381 ut

166 1411 352 1469 tantis
410 1410 597 1485 copiis
652 1420 772 1468 tam
828 1410 1096 1486 exiguam
1159 1430 1420 1483 manum,
1478 1413 1814 1487 praesertim
1871 1414 2188 1488 fugientem

165 1513 352 1577 atque
410 1499 771 1576 impeditam,
822 1499 1034 1560 adoriri
1089 1520 1211 1565 non
1260 1501 1535 1574 audeant,
1584 1503 1802 1562 flumen
1847 1504 2085 1562 transire
2131 1513 2190 1562 et

166 1593 380 1667 iniquo
415 1592 551 1650 loco
594 1592 961 1651 committere
1002 1593 1289 1667 proelium
1331 1612 1454 1652 non
1498 1592 1782 1652 dubitant.
1867 1594 2037 1668 Quae
2067 1595 2189 1653 fore

166 1684 505 1758 suspicatus
546 1684 853 1755 LabienuS‚
893 1692 959 1741 ut
995 1702 1204 1742 omnes
1246 1684 1391 1742 citra
1434 1684 1652 1742 flumen
1696 1685 1949 1756 eliceret,
1980 1684 2189 1743 eadem
2221 1701 2240 1738 ι
2251 1701 2278 1754 5

165 1794 309 1833 usus
338 1774 711 1833 simulatione
740 1774 955 1833 itineris
991 1773 1221 1849 placide
1263 1773 1755 1850 progrediebatur.
1839 1776 1994 1833 Tum
2022 1792 2186 1850 prae-

168 1866 361 1924 missis
404 1866 645 1941 paulum
686 1864 1120 1941 impedimentis
1160 1876 1336 1940 atque
1365 1866 1425 1923 in
1455 1866 1678 1923 tumulo
1708 1864 1967 1940 quodam
2008 1866 2186 1924 collo-

167 1958 333 2029 catiS,
367 1959 384 1985 ‘
412 1957 703 2028 Habetis,'
746 1957 951 2032 inquit,
997 1960 1013 1986 ‘
1033 1956 1261 2025 milites,
1306 1974 1482 2030 quam
1526 1956 1768 2030 petistiS,
1813 1956 2180 2014 facultatem:

170 2048 406 2107 hostem
438 2047 723 2124 impedito
746 2058 922 2123 atque
944 2048 1148 2123 iniquo
1168 2047 1303 2106 loco
1326 2047 1537 2106 tenetis
1561 2068 1572 2105 :
1619 2056 1906 2123 praestate
1936 2045 2188 2106 eandem

167 2141 343 2198 nobis
374 2139 628 2198 ducibus
655 2140 943 2211 virtutem,
974 2157 1154 2214 quam
1180 2155 1606 2213 saepenumero
1647 2137 1979 2213 imperatori
2020 2154 2184 2213 prae·
2213 2157 2278 2195 20

168 2233 411 2305 stitistis,
441 2240 616 2308 atque
639 2232 797 2290 illum
826 2231 1032 2290 adesse
1061 2241 1122 2290 et
1150 2230 1297 2289 haec
1326 2248 1526 2288 coram
1553 2246 1791 2287 cernere
1821 2228 2184 2287 existimate)

168 2324 352 2382 Simul
403 2324 573 2399 signa
618 2322 696 2380 ad
745 2322 973 2381 hostem
1029 2321 1288 2381 converti
1343 2321 1652 2395 aciemque
1701 2318 1869 2395 dirigi
1918 2320 2079 2379 iubet
2129 2330 2188 2377 et

168 2416 373 2489 paucis
404 2415 609 2473 turmis
629 2413 919 2489 praesidio
941 2413 1018 2472 ad
1040 2412 1462 2488 impedimenta
1481 2410 1732 2470 dimissis
1753 2411 2006 2484 reliquos
2029 2410 2186 2484 equi-

166 2516 255 2563 tes
284 2505 365 2564 ad
399 2506 581 2564 latera
613 2505 887 2580 disponit.
971 2504 1249 2563 Celeriter
1290 2503 1474 2562 nostri
1514 2503 1769 2560 clamore
1808 2501 2035 2560 sublato
2069 2501 2187 2575 pila

169 2599 227 2653 in
260 2596 467 2655 hostes
500 2596 831 2654 immittunt.
918 2595 1023 2667 Illi,
1056 2596 1155 2654 ubi
1182 2605 1413 2670 praeter
1441 2612 1624 2670 spem,
1654 2611 1804 2667 quos
1832 2592 2029 2667 fugere
2059 2609 2182 2649 cre·
2215 2602 2274 2654 25

169 2686 415 2760 debant,
441 2686 658 2745 infestis
686 2687 861 2762 signis
890 2685 967 2744 ad
995 2704 1056 2744 se
1086 2686 1167 2744 ire
1195 2684 1483 2755 viderunt,
1514 2684 1798 2759 impetum
1827 2681 2008 2741 modo
2038 2682 2184 2741 ferre

170 2796 291 2836 non
321 2787 639 2853 potuerunt
668 2795 738 2835 ac
768 2777 956 2852 primo
986 2795 1272 2834 concursu
1300 2776 1360 2834 in
1382 2777 1578 2851 fugam
1608 2775 1862 2833 coniecti
1889 2773 2184 2849 proximas

172 2869 339 2928 silvas
369 2870 681 2945 petierunt.
765 2868 933 2942 Quos
958 2867 1247 2926 Labienus
1276 2868 1534 2942 equitatu
1565 2876 1937 2925 consectatus
1966 2883 2182 2939 magno

174 2976 421 3019 numero
467 2959 789 3029 interfect0‚
837 2958 1234 3032 compluribus
1283 2958 1468 3033 captis
1523 2957 1724 3032 paucis
1780 2965 1917 3032 post
1973 2954 2183 3014 diebus

175 3049 466 3108 civitatem
484 3051 737 3124 ⁴recepit.
824 3050 977 3107 Nam
1008 3048 1304 3119 Germani,
1330 3048 1431 3123 qui
1459 3048 1670 3106 auxilio
1698 3047 2029 3118 veniebant,
2052 3063 2183 3121 per·
2212 3057 2274 3110 30

177 3150 351 3215 cepta
382 3141 770 3198 Treverorum
813 3139 947 3214 fuga
987 3157 1113 3196 sese
1158 3137 1405 3197 domum
1443 3148 1808 3214 receperunt.
1895 3138 2050 3197 Cum
2095 3135 2184 3195 his

176 3231 492 3306 propinqui
522 3230 923 3302 Indutiomari,
946 3229 1048 3305 qui
1069 3227 1416 3287 desectionis
1444 3240 1711 3287 auctores
1733 3228 1978 3300 fuerant,
1999 3227 2180 3286 comi-

72 3365 81 3369 -
177 3320 279 3378 tati
308 3339 411 3380 eos
448 3339 522 3379 ex
552 3322 782 3379 civitate
826 3329 1215 3379 excesserunt.
1300 3319 1678 3395 Cingetorigi,
1710 3337 1888 3395 quem
1917 3319 1992 3376 ab
2018 3318 2185 3376 initio

178 3413 566 3485 permansisse
594 3411 653 3469 in
682 3411 879 3470 officio
913 3410 1454 3483 demonstravimuS,
1485 3410 1843 3486 principatus
1871 3419 2048 3485 atque
2076 3409 2182 3467 im-

179 3503 405 3576 perium
435 3512 524 3561 est
550 3501 843 3566 traditum.
2212 3512 2272 3564 35

432 3626 644 3680 Caesar
663 3625 858 3678 makes
881 3643 917 3679 a
941 3625 1145 3679 second
1153 3624 1468 3694 expedition
1495 3624 1614 3677 into
1641 3623 1940 3693 Germany.

264 3731 365 3791 IX.
412 3733 647 3803 Caesar,
670 3739 981 3806 postquam
1010 3749 1085 3789 ex
1113 3730 1404 3806 Menapiis
1432 3730 1494 3788 in
1521 3731 1806 3788 Treveros
1834 3730 2010 3800 venit,
2041 3729 2183 3787 du‘a-

183 3822 289 3880 bus
317 3823 393 3881 de
424 3825 617 3882 causis
645 3824 923 3882 Rhenum
958 3824 1196 3883 transire
1240 3823 1538 3881 constituit
1561 3843 1576 3894 ;
1621 3839 1864 3895 quarum
1899 3839 2018 3878 una
2045 3831 2183 3893 erat,
