<?xml version="1.0" encoding="UTF-8"?>
<!DOCTYPE html PUBLIC "-//W3C//DTD XHTML 1.0 Transitional//EN"
    "http://www.w3.org/TR/xhtml1/DTD/xhtml1-transitional.dtd">
<html xmlns="http://www.w3.org/1999/xhtml" xml:lang="en" lang="en">
 <head>
  <title>
</title>
<meta http-equiv="Content-Type" content="text/html;charset=utf-8" />
  <meta name='ocr-system' content='tesseract 3.04.00' />
  <meta name='ocr-capabilities' content='ocr_page ocr_carea ocr_par ocr_line ocrx_word'/>
</head>
<body>
  <div class='ocr_page' id='page_1' title='image "./ciulicaesarisde00kelsgoog_0210.png"; bbox 0 0 2796 4207; ppageno 0'>
   <div class='ocr_carea' id='block_1_1' title="bbox 464 193 1916 267">
    <p class='ocr_par' dir='ltr' id='par_1_1' title="bbox 464 193 1916 267">
     <span class='ocr_line' id='line_1_1' title="bbox 464 193 1916 267; baseline 0.004 -8"><span class='ocrx_word' id='word_1_1' title='bbox 464 193 589 259; x_wconf 88' lang='grc'>160</span> <span class='ocrx_word' id='word_1_2' title='bbox 1095 211 1205 265; x_wconf 82' lang='lat' dir='ltr'>DE</span> <span class='ocrx_word' id='word_1_3' title='bbox 1258 211 1514 267; x_wconf 76' lang='lat' dir='ltr'>BELLo</span> <span class='ocrx_word' id='word_1_4' title='bbox 1569 210 1916 265; x_wconf 80' lang='lat' dir='ltr'>GALLlco</span> 
     </span>
    </p>
   </div>
   <div class='ocr_carea' id='block_1_2' title="bbox 462 370 2568 3267">
    <p class='ocr_par' dir='ltr' id='par_1_2' title="bbox 462 370 2568 3267">
     <span class='ocr_line' id='line_1_2' title="bbox 548 370 2553 450; baseline -0.002 -17"><span class='ocrx_word' id='word_1_5' title='bbox 548 383 784 445; x_wconf 87' lang='lat' dir='ltr'>trantur,</span> <span class='ocrx_word' id='word_1_6' title='bbox 812 374 1153 450; x_wconf 85' lang='lat' dir='ltr'>repentinae</span> <span class='ocrx_word' id='word_1_7' title='bbox 1189 373 1532 432; x_wconf 85' lang='lat' dir='ltr'>incursionis</span> <span class='ocrx_word' id='word_1_8' title='bbox 1576 372 1782 430; x_wconf 90' lang='lat' dir='ltr'>timore</span> <span class='ocrx_word' id='word_1_9' title='bbox 1824 371 2069 430; x_wconf 75' lang='lat' dir='ltr'>sublato·</span> <span class='ocrx_word' id='word_1_10' title='bbox 2155 371 2308 430; x_wconf 92' lang='lat' dir='ltr'>Cum</span> <span class='ocrx_word' id='word_1_11' title='bbox 2335 370 2553 429; x_wconf 85' lang='lat' dir='ltr'>bellum</span> 
     </span>
     <span class='ocr_line' id='line_1_3' title="bbox 547 461 2553 539; baseline -0.002 -16"><span class='ocrx_word' id='word_1_12' title='bbox 547 464 745 524; x_wconf 85' lang='lat' dir='ltr'>civitas</span> <span class='ocrx_word' id='word_1_13' title='bbox 772 474 872 523; x_wconf 91' lang='lat' dir='ltr'>aut</span> <span class='ocrx_word' id='word_1_14' title='bbox 900 464 1121 523; x_wconf 89' lang='lat' dir='ltr'>illatum</span> <span class='ocrx_word' id='word_1_15' title='bbox 1149 462 1414 523; x_wconf 88' lang='lat' dir='ltr'><strong>defendit</strong></span> <span class='ocrx_word' id='word_1_16' title='bbox 1442 472 1541 520; x_wconf 89' lang='lat' dir='ltr'>aut</span> <span class='ocrx_word' id='word_1_17' title='bbox 1570 463 1757 536; x_wconf 87' lang='lat' dir='ltr'>infert,</span> <span class='ocrx_word' id='word_1_18' title='bbox 1782 462 2160 539; x_wconf 84' lang='lat' dir='ltr'>magistratus,</span> <span class='ocrx_word' id='word_1_19' title='bbox 2185 462 2287 537; x_wconf 91' lang='lat' dir='ltr'>qui</span> <span class='ocrx_word' id='word_1_20' title='bbox 2317 462 2371 519; x_wconf 91' lang='lat' dir='ltr'>ei</span> <span class='ocrx_word' id='word_1_21' title='bbox 2399 461 2553 520; x_wconf 89' lang='lat' dir='ltr'>bello</span> 
     </span>
     <span class='ocr_line' id='line_1_4' title="bbox 545 552 2552 632; baseline -0.002 -17"><span class='ocrx_word' id='word_1_22' title='bbox 545 556 817 631; x_wconf 88' lang='lat' dir='ltr'>praesint,</span> <span class='ocrx_word' id='word_1_23' title='bbox 860 565 925 615; x_wconf 90' lang='lat' dir='ltr'>ut</span> <span class='ocrx_word' id='word_1_24' title='bbox 965 557 1115 615; x_wconf 85' lang='lat' dir='ltr'>vitae</span> <span class='ocrx_word' id='word_1_25' title='bbox 1158 556 1436 632; x_wconf 89' lang='lat' dir='ltr'>necisque</span> <span class='ocrx_word' id='word_1_26' title='bbox 1487 555 1741 613; x_wconf 89' lang='lat' dir='ltr'>habeant</span> <span class='ocrx_word' id='word_1_27' title='bbox 1787 562 2157 629; x_wconf 86' lang='lat' dir='ltr'>potestatem,</span> <span class='ocrx_word' id='word_1_28' title='bbox 2201 552 2552 628; x_wconf 89' lang='lat' dir='ltr'>deliguntur.</span> 
     </span>
     <span class='ocr_line' id='line_1_5' title="bbox 549 643 2555 722; baseline -0.002 -17"><span class='ocrx_word' id='word_1_29' title='bbox 549 647 622 705; x_wconf 92' lang='lat' dir='ltr'>In</span> <span class='ocrx_word' id='word_1_30' title='bbox 650 663 797 722; x_wconf 92' lang='lat' dir='ltr'>pace</span> <span class='ocrx_word' id='word_1_31' title='bbox 825 646 1014 706; x_wconf 87' lang='lat' dir='ltr'>nullus</span> <span class='ocrx_word' id='word_1_32' title='bbox 1043 656 1131 706; x_wconf 89' lang='lat' dir='ltr'>est</span> <span class='ocrx_word' id='word_1_33' title='bbox 1160 646 1489 706; x_wconf 90' lang='lat' dir='ltr'>communis</span> <span class='ocrx_word' id='word_1_34' title='bbox 1517 646 1896 722; x_wconf 81' lang='lat' dir='ltr'>magistratuS,</span> <span class='ocrx_word' id='word_1_35' title='bbox 1927 644 2034 703; x_wconf 92' lang='lat' dir='ltr'>sed</span> <span class='ocrx_word' id='word_1_36' title='bbox 2073 644 2367 720; x_wconf 88' lang='lat' dir='ltr'>principes</span> <span class='ocrx_word' id='word_1_37' title='bbox 2407 643 2555 719; x_wconf 92' lang='lat' dir='ltr'>regi-</span> 
     </span>
     <span class='ocr_line' id='line_1_6' title="bbox 493 735 2556 815; baseline -0.002 -18"><span class='ocrx_word' id='word_1_38' title='bbox 493 756 521 809; x_wconf 82' lang='lat'>5</span> <span class='ocrx_word' id='word_1_39' title='bbox 546 756 729 797; x_wconf 88' lang='lat' dir='ltr'>onum</span> <span class='ocrx_word' id='word_1_40' title='bbox 755 746 932 815; x_wconf 89' lang='lat' dir='ltr'>atque</span> <span class='ocrx_word' id='word_1_41' title='bbox 960 756 1244 815; x_wconf 88' lang='lat' dir='ltr'>pagorum</span> <span class='ocrx_word' id='word_1_42' title='bbox 1283 737 1434 796; x_wconf 91' lang='lat' dir='ltr'>inter</span> <span class='ocrx_word' id='word_1_43' title='bbox 1465 755 1603 796; x_wconf 90' lang='lat' dir='ltr'>suos</span> <span class='ocrx_word' id='word_1_44' title='bbox 1639 738 1728 795; x_wconf 90' lang='lat' dir='ltr'>ius</span> <span class='ocrx_word' id='word_1_45' title='bbox 1769 736 1976 795; x_wconf 90' lang='lat' dir='ltr'>dicunt</span> <span class='ocrx_word' id='word_1_46' title='bbox 2016 735 2556 809; x_wconf 87' lang='lat' dir='ltr'>controversiasque</span> 
     </span>
     <span class='ocr_line' id='line_1_7' title="bbox 546 829 2554 903; baseline -0.002 -14"><span class='ocrx_word' id='word_1_47' title='bbox 546 831 831 890; x_wconf 89' lang='lat' dir='ltr'>minuunt.</span> <span class='ocrx_word' id='word_1_48' title='bbox 920 832 1251 890; x_wconf 88' lang='lat' dir='ltr'>Latrocinia</span> <span class='ocrx_word' id='word_1_49' title='bbox 1298 831 1512 888; x_wconf 90' lang='lat' dir='ltr'>nullam</span> <span class='ocrx_word' id='word_1_50' title='bbox 1563 830 1782 889; x_wconf 85' lang='lat' dir='ltr'>habent</span> <span class='ocrx_word' id='word_1_51' title='bbox 1830 829 2144 900; x_wconf 85' lang='lat' dir='ltr'>infamiam,</span> <span class='ocrx_word' id='word_1_52' title='bbox 2191 845 2341 903; x_wconf 90' lang='lat' dir='ltr'>quae</span> <span class='ocrx_word' id='word_1_53' title='bbox 2389 837 2554 885; x_wconf 84' lang='lat' dir='ltr'>extra</span> 
     </span>
     <span class='ocr_line' id='line_1_8' title="bbox 545 918 2554 1000; baseline -0.002 -19"><span class='ocrx_word' id='word_1_54' title='bbox 545 923 693 982; x_wconf 87' lang='lat' dir='ltr'>fines</span> <span class='ocrx_word' id='word_1_55' title='bbox 734 923 1017 1000; x_wconf 89' lang='lat' dir='ltr'>cuiusque</span> <span class='ocrx_word' id='word_1_56' title='bbox 1061 922 1303 981; x_wconf 84' lang='lat' dir='ltr'>civitatis</span> <span class='ocrx_word' id='word_1_57' title='bbox 1338 922 1503 994; x_wconf 86' lang='lat' dir='ltr'>fiunt,</span> <span class='ocrx_word' id='word_1_58' title='bbox 1533 931 1709 997; x_wconf 88' lang='lat' dir='ltr'>atque</span> <span class='ocrx_word' id='word_1_59' title='bbox 1739 939 1811 979; x_wconf 90' lang='lat' dir='ltr'>ea</span> <span class='ocrx_word' id='word_1_60' title='bbox 1837 921 2148 979; x_wconf 89' lang='lat' dir='ltr'>iuventutis</span> <span class='ocrx_word' id='word_1_61' title='bbox 2187 918 2554 978; x_wconf 86' lang='lat' dir='ltr'>exercendae</span> 
     </span>
     <span class='ocr_line' id='line_1_9' title="bbox 546 1009 2560 1087; baseline -0.002 -16"><span class='ocrx_word' id='word_1_62' title='bbox 546 1031 617 1071; x_wconf 94' lang='lat' dir='ltr'>ac</span> <span class='ocrx_word' id='word_1_63' title='bbox 667 1011 926 1071; x_wconf 89' lang='lat' dir='ltr'>desidiae</span> <span class='ocrx_word' id='word_1_64' title='bbox 974 1011 1325 1071; x_wconf 90' lang='lat' dir='ltr'>minuendae</span> <span class='ocrx_word' id='word_1_65' title='bbox 1372 1030 1550 1071; x_wconf 89' lang='lat' dir='ltr'>causa</span> <span class='ocrx_word' id='word_1_66' title='bbox 1599 1012 1722 1070; x_wconf 90' lang='lat' dir='ltr'>fieri</span> <span class='ocrx_word' id='word_1_67' title='bbox 1771 1009 2127 1087; x_wconf 88' lang='lat' dir='ltr'>praedicant.</span> <span class='ocrx_word' id='word_1_68' title='bbox 2213 1011 2407 1086; x_wconf 90' lang='lat' dir='ltr'>Atque</span> <span class='ocrx_word' id='word_1_69' title='bbox 2457 1010 2560 1068; x_wconf 88' lang='lat' dir='ltr'>ubi</span> 
     </span>
     <span class='ocr_line' id='line_1_10' title="bbox 547 1100 2558 1181; baseline -0.002 -19"><span class='ocrx_word' id='word_1_70' title='bbox 547 1103 677 1179; x_wconf 92' lang='lat' dir='ltr'>quis</span> <span class='ocrx_word' id='word_1_71' title='bbox 704 1122 780 1162; x_wconf 83' lang='lat' dir='ltr'>ex</span> <span class='ocrx_word' id='word_1_72' title='bbox 806 1104 1164 1181; x_wconf 87' lang='lat' dir='ltr'>principibus</span> <span class='ocrx_word' id='word_1_73' title='bbox 1186 1104 1245 1161; x_wconf 91' lang='lat' dir='ltr'>in</span> <span class='ocrx_word' id='word_1_74' title='bbox 1274 1102 1527 1161; x_wconf 91' lang='lat' dir='ltr'>concilio</span> <span class='ocrx_word' id='word_1_75' title='bbox 1557 1101 1720 1174; x_wconf 88' lang='lat' dir='ltr'>dixit,</span> <span class='ocrx_word' id='word_1_76' title='bbox 1749 1119 1810 1160; x_wconf 93' lang='lat' dir='ltr'>se</span> <span class='ocrx_word' id='word_1_77' title='bbox 1841 1100 2061 1160; x_wconf 89' lang='lat' dir='ltr'>ducem</span> <span class='ocrx_word' id='word_1_78' title='bbox 2089 1101 2228 1172; x_wconf 91' lang='lat' dir='ltr'>fore,</span> <span class='ocrx_word' id='word_1_79' title='bbox 2259 1101 2361 1176; x_wconf 93' lang='lat' dir='ltr'>qui</span> <span class='ocrx_word' id='word_1_80' title='bbox 2389 1101 2558 1177; x_wconf 89' lang='lat' dir='ltr'>sequi</span> 
     </span>
     <span class='ocr_line' id='line_1_11' title="bbox 463 1192 2561 1272; baseline -0.002 -19"><span class='ocrx_word' id='word_1_81' title='bbox 463 1218 523 1254; x_wconf 88' lang='lat'>10</span> <span class='ocrx_word' id='word_1_82' title='bbox 546 1194 742 1266; x_wconf 89' lang='lat' dir='ltr'>velint,</span> <span class='ocrx_word' id='word_1_83' title='bbox 772 1195 1167 1272; x_wconf 87' lang='lat' dir='ltr'>profiteantur,</span> <span class='ocrx_word' id='word_1_84' title='bbox 1196 1205 1556 1269; x_wconf 91' lang='lat' dir='ltr'>consurgunt</span> <span class='ocrx_word' id='word_1_85' title='bbox 1583 1194 1640 1265; x_wconf 90' lang='lat' dir='ltr'>ii,</span> <span class='ocrx_word' id='word_1_86' title='bbox 1671 1193 1772 1269; x_wconf 94' lang='lat' dir='ltr'>qui</span> <span class='ocrx_word' id='word_1_87' title='bbox 1800 1202 1860 1251; x_wconf 91' lang='lat' dir='ltr'>et</span> <span class='ocrx_word' id='word_1_88' title='bbox 1887 1210 2125 1251; x_wconf 90' lang='lat' dir='ltr'>causam</span> <span class='ocrx_word' id='word_1_89' title='bbox 2163 1202 2224 1250; x_wconf 90' lang='lat' dir='ltr'>et</span> <span class='ocrx_word' id='word_1_90' title='bbox 2251 1192 2561 1251; x_wconf 88' lang='lat' dir='ltr'>hominem</span> 
     </span>
     <span class='ocr_line' id='line_1_12' title="bbox 547 1281 2559 1362; baseline -0.001 -19"><span class='ocrx_word' id='word_1_91' title='bbox 547 1286 814 1362; x_wconf 91' lang='lat' dir='ltr'>probant,</span> <span class='ocrx_word' id='word_1_92' title='bbox 845 1303 1131 1361; x_wconf 90' lang='lat' dir='ltr'>suumque</span> <span class='ocrx_word' id='word_1_93' title='bbox 1174 1285 1451 1344; x_wconf 88' lang='lat' dir='ltr'>auxilium</span> <span class='ocrx_word' id='word_1_94' title='bbox 1492 1283 1838 1360; x_wconf 89' lang='lat' dir='ltr'>pollicentur</span> <span class='ocrx_word' id='word_1_95' title='bbox 1875 1293 2052 1359; x_wconf 87' lang='lat' dir='ltr'>atque</span> <span class='ocrx_word' id='word_1_96' title='bbox 2080 1283 2156 1341; x_wconf 91' lang='lat' dir='ltr'>ab</span> <span class='ocrx_word' id='word_1_97' title='bbox 2185 1281 2559 1341; x_wconf 85' lang='lat' dir='ltr'>multitudine</span> 
     </span>
     <span class='ocr_line' id='line_1_13' title="bbox 548 1372 2560 1451; baseline -0.002 -16"><span class='ocrx_word' id='word_1_98' title='bbox 548 1375 986 1451; x_wconf 71' lang='lat' dir='ltr'>collaudantur,</span> <span class='ocrx_word' id='word_1_99' title='bbox 1030 1377 1129 1451; x_wconf 90' lang='lat' dir='ltr'>qui</span> <span class='ocrx_word' id='word_1_100' title='bbox 1172 1394 1246 1435; x_wconf 86' lang='lat' dir='ltr'>ex</span> <span class='ocrx_word' id='word_1_101' title='bbox 1287 1376 1375 1435; x_wconf 86' lang='lat' dir='ltr'>his</span> <span class='ocrx_word' id='word_1_102' title='bbox 1409 1375 1598 1434; x_wconf 89' lang='lat' dir='ltr'>secuti</span> <span class='ocrx_word' id='word_1_103' title='bbox 1639 1393 1762 1433; x_wconf 91' lang='lat' dir='ltr'>non</span> <span class='ocrx_word' id='word_1_104' title='bbox 1795 1384 1944 1446; x_wconf 90' lang='lat' dir='ltr'>sunt,</span> <span class='ocrx_word' id='word_1_105' title='bbox 1982 1376 2041 1432; x_wconf 91' lang='lat' dir='ltr'>in</span> <span class='ocrx_word' id='word_1_106' title='bbox 2082 1372 2445 1433; x_wconf 89' lang='lat' dir='ltr'>desertorum</span> <span class='ocrx_word' id='word_1_107' title='bbox 2484 1392 2560 1431; x_wconf 91' lang='lat' dir='ltr'>ac</span> 
     </span>
     <span class='ocr_line' id='line_1_14' title="bbox 548 1465 2568 1543; baseline -0.001 -18"><span class='ocrx_word' id='word_1_108' title='bbox 548 1466 911 1543; x_wconf 88' lang='lat' dir='ltr'>proditorum</span> <span class='ocrx_word' id='word_1_109' title='bbox 952 1485 1197 1526; x_wconf 89' lang='lat' dir='ltr'>numero</span> <span class='ocrx_word' id='word_1_110' title='bbox 1241 1466 1552 1539; x_wconf 86' lang='lat' dir='ltr'>ducuntur,</span> <span class='ocrx_word' id='word_1_111' title='bbox 1582 1466 1966 1542; x_wconf 91' lang='lat' dir='ltr'>omniumque</span> <span class='ocrx_word' id='word_1_112' title='bbox 1997 1465 2084 1523; x_wconf 89' lang='lat' dir='ltr'>his</span> <span class='ocrx_word' id='word_1_113' title='bbox 2121 1483 2316 1524; x_wconf 90' lang='lat' dir='ltr'>rerum</span> <span class='ocrx_word' id='word_1_114' title='bbox 2353 1474 2568 1541; x_wconf 90' lang='lat' dir='ltr'>postea</span> 
     </span>
     <span class='ocr_line' id='line_1_15' title="bbox 548 1556 2557 1635; baseline -0.001 -18"><span class='ocrx_word' id='word_1_115' title='bbox 548 1558 696 1617; x_wconf 90' lang='lat' dir='ltr'>fides</span> <span class='ocrx_word' id='word_1_116' title='bbox 726 1557 1051 1635; x_wconf 89' lang='lat' dir='ltr'>derogatur.</span> <span class='ocrx_word' id='word_1_117' title='bbox 1139 1558 1457 1635; x_wconf 89' lang='lat' dir='ltr'>Hospitem</span> <span class='ocrx_word' id='word_1_118' title='bbox 1486 1556 1698 1617; x_wconf 90' lang='lat' dir='ltr'>violare</span> <span class='ocrx_word' id='word_1_119' title='bbox 1727 1556 1812 1615; x_wconf 87' lang='lat' dir='ltr'>fas</span> <span class='ocrx_word' id='word_1_120' title='bbox 1839 1574 1963 1615; x_wconf 92' lang='lat' dir='ltr'>non</span> <span class='ocrx_word' id='word_1_121' title='bbox 1990 1566 2197 1633; x_wconf 88' lang='lat' dir='ltr'>putant</span> <span class='ocrx_word' id='word_1_122' title='bbox 2218 1577 2237 1630; x_wconf 78' lang='lat'><em>3</em></span> <span class='ocrx_word' id='word_1_123' title='bbox 2279 1556 2382 1633; x_wconf 88' lang='lat' dir='ltr'>qui</span> <span class='ocrx_word' id='word_1_124' title='bbox 2409 1574 2557 1631; x_wconf 88' lang='lat' dir='ltr'>qua—</span> 
     </span>
     <span class='ocr_line' id='line_1_16' title="bbox 467 1647 2555 1724; baseline -0.001 -17"><span class='ocrx_word' id='word_1_125' title='bbox 467 1663 523 1715; x_wconf 83' lang='lat'>15</span> <span class='ocrx_word' id='word_1_126' title='bbox 550 1667 804 1724; x_wconf 89' lang='lat' dir='ltr'>cumque</span> <span class='ocrx_word' id='word_1_127' title='bbox 853 1648 930 1707; x_wconf 92' lang='lat' dir='ltr'>de</span> <span class='ocrx_word' id='word_1_128' title='bbox 980 1668 1157 1708; x_wconf 89' lang='lat' dir='ltr'>causa</span> <span class='ocrx_word' id='word_1_129' title='bbox 1202 1648 1281 1708; x_wconf 94' lang='lat' dir='ltr'>ad</span> <span class='ocrx_word' id='word_1_130' title='bbox 1329 1666 1434 1709; x_wconf 90' lang='lat' dir='ltr'>eos</span> <span class='ocrx_word' id='word_1_131' title='bbox 1480 1658 1778 1721; x_wconf 88' lang='lat' dir='ltr'>venerunt,</span> <span class='ocrx_word' id='word_1_132' title='bbox 1831 1648 1906 1707; x_wconf 90' lang='lat' dir='ltr'>ab</span> <span class='ocrx_word' id='word_1_133' title='bbox 1963 1648 2168 1705; x_wconf 90' lang='lat' dir='ltr'>iniuria</span> <span class='ocrx_word' id='word_1_134' title='bbox 2218 1647 2555 1723; x_wconf 86' lang='lat' dir='ltr'>prohibent,</span> 
     </span>
     <span class='ocr_line' id='line_1_17' title="bbox 550 1737 2560 1816; baseline -0.002 -15"><span class='ocrx_word' id='word_1_135' title='bbox 550 1749 781 1801; x_wconf 86' lang='lat' dir='ltr'>sanctos</span> <span class='ocrx_word' id='word_1_136' title='bbox 840 1740 1074 1814; x_wconf 89' lang='lat' dir='ltr'>habent,</span> <span class='ocrx_word' id='word_1_137' title='bbox 1132 1740 1337 1816; x_wconf 90' lang='lat' dir='ltr'>hisque</span> <span class='ocrx_word' id='word_1_138' title='bbox 1394 1740 1662 1800; x_wconf 90' lang='lat' dir='ltr'>omnium</span> <span class='ocrx_word' id='word_1_139' title='bbox 1724 1737 1936 1799; x_wconf 87' lang='lat' dir='ltr'>domus</span> <span class='ocrx_word' id='word_1_140' title='bbox 1992 1748 2196 1815; x_wconf 89' lang='lat' dir='ltr'>patent</span> <span class='ocrx_word' id='word_1_141' title='bbox 2249 1739 2560 1813; x_wconf 90' lang='lat' dir='ltr'>victusque</span> 
     </span>
     <span class='ocr_line' id='line_1_18' title="bbox 550 1832 1032 1890; baseline 0 -1"><span class='ocrx_word' id='word_1_142' title='bbox 550 1832 1032 1890; x_wconf 90' lang='lat' dir='ltr'>communicatur.</span> 
     </span>
     <span class='ocr_line' id='line_1_19' title="bbox 630 1920 2561 1999; baseline -0.001 -18"><span class='ocrx_word' id='word_1_143' title='bbox 630 1922 845 1981; x_wconf 91' lang='lat' dir='ltr'><strong>XXIV.</strong></span> <span class='ocrx_word' id='word_1_144' title='bbox 889 1924 977 1979; x_wconf 91' lang='lat' dir='ltr'>Ac</span> <span class='ocrx_word' id='word_1_145' title='bbox 1005 1921 1109 1980; x_wconf 89' lang='lat' dir='ltr'>fuit</span> <span class='ocrx_word' id='word_1_146' title='bbox 1146 1930 1319 1980; x_wconf 88' lang='lat' dir='ltr'>antea</span> <span class='ocrx_word' id='word_1_147' title='bbox 1360 1932 1612 1999; x_wconf 80' lang='lat' dir='ltr'>tempuS‚</span> <span class='ocrx_word' id='word_1_148' title='bbox 1645 1939 1780 1981; x_wconf 92' lang='lat' dir='ltr'>cum</span> <span class='ocrx_word' id='word_1_149' title='bbox 1810 1922 2139 1981; x_wconf 89' lang='lat' dir='ltr'>Germanos</span> <span class='ocrx_word' id='word_1_150' title='bbox 2169 1920 2320 1980; x_wconf 88' lang='lat' dir='ltr'>Galli</span> <span class='ocrx_word' id='word_1_151' title='bbox 2348 1921 2561 1979; x_wconf 89' lang='lat' dir='ltr'>virtute</span> 
     </span>
     <span class='ocr_line' id='line_1_20' title="bbox 550 2011 2556 2090; baseline -0.001 -19"><span class='ocrx_word' id='word_1_152' title='bbox 550 2022 905 2089; x_wconf 89' lang='lat' dir='ltr'>superarent,</span> <span class='ocrx_word' id='word_1_153' title='bbox 935 2014 1083 2071; x_wconf 90' lang='lat' dir='ltr'>ultro</span> <span class='ocrx_word' id='word_1_154' title='bbox 1109 2013 1262 2072; x_wconf 88' lang='lat' dir='ltr'>bella</span> <span class='ocrx_word' id='word_1_155' title='bbox 1289 2012 1584 2086; x_wconf 90' lang='lat' dir='ltr'>inferrent,</span> <span class='ocrx_word' id='word_1_156' title='bbox 1613 2022 1852 2090; x_wconf 90' lang='lat' dir='ltr'>propter</span> <span class='ocrx_word' id='word_1_157' title='bbox 1890 2012 2194 2071; x_wconf 89' lang='lat' dir='ltr'>hominum</span> <span class='ocrx_word' id='word_1_158' title='bbox 2235 2011 2556 2071; x_wconf 88' lang='lat' dir='ltr'>multitudi-</span> 
     </span>
     <span class='ocr_line' id='line_1_21' title="bbox 464 2105 2562 2181; baseline -0 -18"><span class='ocrx_word' id='word_1_159' title='bbox 464 2129 525 2164; x_wconf 86' lang='lat'>20</span> <span class='ocrx_word' id='word_1_160' title='bbox 550 2123 688 2162; x_wconf 89' lang='lat' dir='ltr'>nem</span> <span class='ocrx_word' id='word_1_161' title='bbox 714 2105 951 2181; x_wconf 84' lang='lat' dir='ltr'>agrique</span> <span class='ocrx_word' id='word_1_162' title='bbox 979 2105 1239 2180; x_wconf 90' lang='lat' dir='ltr'>inopiam</span> <span class='ocrx_word' id='word_1_163' title='bbox 1267 2114 1422 2164; x_wconf 89' lang='lat' dir='ltr'>trans</span> <span class='ocrx_word' id='word_1_164' title='bbox 1452 2105 1730 2164; x_wconf 90' lang='lat' dir='ltr'>Rhenum</span> <span class='ocrx_word' id='word_1_165' title='bbox 1757 2105 2020 2164; x_wconf 90' lang='lat' dir='ltr'>colonias</span> <span class='ocrx_word' id='word_1_166' title='bbox 2051 2105 2360 2163; x_wconf 88' lang='lat' dir='ltr'>mitterent.</span> <span class='ocrx_word' id='word_1_167' title='bbox 2445 2105 2562 2162; x_wconf 89' lang='lat' dir='ltr'>Ita-</span> 
     </span>
     <span class='ocr_line' id='line_1_22' title="bbox 551 2196 2553 2272; baseline 0.001 -18"><span class='ocrx_word' id='word_1_168' title='bbox 551 2213 667 2272; x_wconf 93' lang='lat' dir='ltr'>que</span> <span class='ocrx_word' id='word_1_169' title='bbox 709 2213 797 2268; x_wconf 92' lang='lat' dir='ltr'>ea,</span> <span class='ocrx_word' id='word_1_170' title='bbox 836 2213 989 2270; x_wconf 90' lang='lat' dir='ltr'>quae</span> <span class='ocrx_word' id='word_1_171' title='bbox 1031 2196 1372 2255; x_wconf 89' lang='lat' dir='ltr'>fertilissima</span> <span class='ocrx_word' id='word_1_172' title='bbox 1411 2197 1760 2256; x_wconf 89' lang='lat' dir='ltr'>Germaniae</span> <span class='ocrx_word' id='word_1_173' title='bbox 1799 2205 1950 2270; x_wconf 88' lang='lat' dir='ltr'>sunt,</span> <span class='ocrx_word' id='word_1_174' title='bbox 1982 2197 2112 2255; x_wconf 88' lang='lat' dir='ltr'>loca</span> <span class='ocrx_word' id='word_1_175' title='bbox 2145 2197 2366 2256; x_wconf 90' lang='lat' dir='ltr'>circum</span> <span class='ocrx_word' id='word_1_176' title='bbox 2399 2198 2553 2256; x_wconf 88' lang='lat' dir='ltr'>Her-</span> 
     </span>
     <span class='ocr_line' id='line_1_23' title="bbox 552 2287 2563 2363; baseline 0.001 -19"><span class='ocrx_word' id='word_1_177' title='bbox 552 2287 781 2362; x_wconf 89' lang='lat' dir='ltr'>cyniam</span> <span class='ocrx_word' id='word_1_178' title='bbox 810 2287 1027 2360; x_wconf 89' lang='lat' dir='ltr'>silvam,</span> <span class='ocrx_word' id='word_1_179' title='bbox 1057 2305 1234 2362; x_wconf 90' lang='lat' dir='ltr'>quam</span> <span class='ocrx_word' id='word_1_180' title='bbox 1266 2287 1636 2346; x_wconf 88' lang='lat' dir='ltr'>Eratostheni</span> <span class='ocrx_word' id='word_1_181' title='bbox 1665 2299 1723 2346; x_wconf 90' lang='lat' dir='ltr'>et</span> <span class='ocrx_word' id='word_1_182' title='bbox 1752 2287 2104 2363; x_wconf 90' lang='lat' dir='ltr'>quibusdam</span> <span class='ocrx_word' id='word_1_183' title='bbox 2133 2290 2372 2348; x_wconf 89' lang='lat' dir='ltr'>Graecis</span> <span class='ocrx_word' id='word_1_184' title='bbox 2403 2289 2563 2348; x_wconf 87' lang='lat' dir='ltr'>fama</span> 
     </span>
     <span class='ocr_line' id='line_1_24' title="bbox 552 2376 2560 2456; baseline 0.001 -21"><span class='ocrx_word' id='word_1_185' title='bbox 552 2386 751 2436; x_wconf 88' lang='lat' dir='ltr'>notam</span> <span class='ocrx_word' id='word_1_186' title='bbox 808 2395 934 2436; x_wconf 90' lang='lat' dir='ltr'>esse</span> <span class='ocrx_word' id='word_1_187' title='bbox 989 2376 1182 2449; x_wconf 85' lang='lat' dir='ltr'>video,</span> <span class='ocrx_word' id='word_1_188' title='bbox 1240 2395 1419 2452; x_wconf 87' lang='lat' dir='ltr'>quarn</span> <span class='ocrx_word' id='word_1_189' title='bbox 1475 2378 1553 2435; x_wconf 91' lang='lat' dir='ltr'>illi</span> <span class='ocrx_word' id='word_1_190' title='bbox 1600 2378 1918 2454; x_wconf 86' lang='lat' dir='ltr'>Orcyniam</span> <span class='ocrx_word' id='word_1_191' title='bbox 1975 2380 2286 2456; x_wconf 89' lang='lat' dir='ltr'>appellant,</span> <span class='ocrx_word' id='word_1_192' title='bbox 2334 2379 2560 2438; x_wconf 88' lang='lat' dir='ltr'>Volcae</span> 
     </span>
     <span class='ocr_line' id='line_1_25' title="bbox 550 2469 2562 2547; baseline 0.001 -21"><span class='ocrx_word' id='word_1_193' title='bbox 550 2469 907 2544; x_wconf 89' lang='lat' dir='ltr'>Tectosages</span> <span class='ocrx_word' id='word_1_194' title='bbox 944 2478 1379 2543; x_wconf 89' lang='lat' dir='ltr'>occupaverunt</span> <span class='ocrx_word' id='word_1_195' title='bbox 1415 2479 1591 2544; x_wconf 92' lang='lat' dir='ltr'>atque</span> <span class='ocrx_word' id='word_1_196' title='bbox 1634 2470 1713 2529; x_wconf 89' lang='lat' dir='ltr'>ibi</span> <span class='ocrx_word' id='word_1_197' title='bbox 1755 2470 2189 2543; x_wconf 82' lang='lat' dir='ltr'>consederunt3</span> <span class='ocrx_word' id='word_1_198' title='bbox 2234 2489 2386 2547; x_wconf 88' lang='lat' dir='ltr'>quae</span> <span class='ocrx_word' id='word_1_199' title='bbox 2412 2489 2562 2546; x_wconf 91' lang='lat' dir='ltr'>gens</span> 
     </span>
     <span class='ocr_line' id='line_1_26' title="bbox 466 2557 2564 2637; baseline 0.001 -21"><span class='ocrx_word' id='word_1_200' title='bbox 466 2572 525 2624; x_wconf 85' lang='lat'>25</span> <span class='ocrx_word' id='word_1_201' title='bbox 552 2557 630 2616; x_wconf 91' lang='lat' dir='ltr'>ad</span> <span class='ocrx_word' id='word_1_202' title='bbox 657 2558 772 2616; x_wconf 92' lang='lat' dir='ltr'>hoc</span> <span class='ocrx_word' id='word_1_203' title='bbox 800 2568 1031 2634; x_wconf 89' lang='lat' dir='ltr'>tempus</span> <span class='ocrx_word' id='word_1_204' title='bbox 1059 2558 1146 2616; x_wconf 90' lang='lat' dir='ltr'>his</span> <span class='ocrx_word' id='word_1_205' title='bbox 1180 2557 1418 2618; x_wconf 90' lang='lat' dir='ltr'>sedibus</span> <span class='ocrx_word' id='word_1_206' title='bbox 1456 2577 1584 2618; x_wconf 89' lang='lat' dir='ltr'>sese</span> <span class='ocrx_word' id='word_1_207' title='bbox 1626 2561 1890 2620; x_wconf 88' lang='lat' dir='ltr'>eontinet</span> <span class='ocrx_word' id='word_1_208' title='bbox 1933 2579 2340 2637; x_wconf 90' lang='lat' dir='ltr'>summamque</span> <span class='ocrx_word' id='word_1_209' title='bbox 2384 2561 2564 2621; x_wconf 87' lang='lat' dir='ltr'>habet</span> 
     </span>
     <span class='ocr_line' id='line_1_27' title="bbox 552 2648 2563 2728; baseline 0.002 -23"><span class='ocrx_word' id='word_1_210' title='bbox 552 2649 799 2706; x_wconf 89' lang='lat' dir='ltr'>iustitiae</span> <span class='ocrx_word' id='word_1_211' title='bbox 828 2657 888 2706; x_wconf 90' lang='lat' dir='ltr'>et</span> <span class='ocrx_word' id='word_1_212' title='bbox 914 2649 1157 2708; x_wconf 89' lang='lat' dir='ltr'>bellicae</span> <span class='ocrx_word' id='word_1_213' title='bbox 1185 2648 1373 2708; x_wconf 86' lang='lat' dir='ltr'>laudis</span> <span class='ocrx_word' id='word_1_214' title='bbox 1412 2651 1774 2726; x_wconf 89' lang='lat' dir='ltr'>opinionem.</span> <span class='ocrx_word' id='word_1_215' title='bbox 1861 2653 2040 2710; x_wconf 91' lang='lat' dir='ltr'>Nunc</span> <span class='ocrx_word' id='word_1_216' title='bbox 2069 2652 2231 2728; x_wconf 91' lang='lat' dir='ltr'>quod</span> <span class='ocrx_word' id='word_1_217' title='bbox 2261 2653 2320 2710; x_wconf 93' lang='lat' dir='ltr'>in</span> <span class='ocrx_word' id='word_1_218' title='bbox 2349 2651 2563 2711; x_wconf 90' lang='lat' dir='ltr'>eadem</span> 
     </span>
     <span class='ocr_line' id='line_1_28' title="bbox 550 2739 2556 2818; baseline 0.002 -22"><span class='ocrx_word' id='word_1_219' title='bbox 550 2739 767 2814; x_wconf 88' lang='lat' dir='ltr'>inopia,</span> <span class='ocrx_word' id='word_1_220' title='bbox 817 2748 1091 2814; x_wconf 89' lang='lat' dir='ltr'>egestate,</span> <span class='ocrx_word' id='word_1_221' title='bbox 1142 2739 1437 2814; x_wconf 89' lang='lat' dir='ltr'>patientia,</span> <span class='ocrx_word' id='word_1_222' title='bbox 1489 2758 1608 2816; x_wconf 90' lang='lat' dir='ltr'>qua</span> <span class='ocrx_word' id='word_1_223' title='bbox 1650 2751 1804 2814; x_wconf 90' lang='lat' dir='ltr'>ante,</span> <span class='ocrx_word' id='word_1_224' title='bbox 1858 2743 2137 2801; x_wconf 90' lang='lat' dir='ltr'>Germani</span> <span class='ocrx_word' id='word_1_225' title='bbox 2194 2753 2556 2818; x_wconf 89' lang='lat' dir='ltr'>permanent,</span> 
     </span>
     <span class='ocr_line' id='line_1_29' title="bbox 552 2829 2560 2908; baseline 0.001 -20"><span class='ocrx_word' id='word_1_226' title='bbox 552 2829 765 2889; x_wconf 90' lang='lat' dir='ltr'>eodem</span> <span class='ocrx_word' id='word_1_227' title='bbox 795 2829 949 2888; x_wconf 89' lang='lat' dir='ltr'>victu</span> <span class='ocrx_word' id='word_1_228' title='bbox 979 2840 1037 2887; x_wconf 89' lang='lat' dir='ltr'>et</span> <span class='ocrx_word' id='word_1_229' title='bbox 1065 2830 1223 2889; x_wconf 88' lang='lat' dir='ltr'>cultu</span> <span class='ocrx_word' id='word_1_230' title='bbox 1252 2832 1513 2906; x_wconf 90' lang='lat' dir='ltr'>corporis</span> <span class='ocrx_word' id='word_1_231' title='bbox 1543 2841 1796 2905; x_wconf 91' lang='lat' dir='ltr'>utuntur,</span> <span class='ocrx_word' id='word_1_232' title='bbox 1828 2833 2007 2892; x_wconf 82' lang='lat' dir='ltr'>Gallis</span> <span class='ocrx_word' id='word_1_233' title='bbox 2035 2842 2232 2891; x_wconf 89' lang='lat' dir='ltr'>autem</span> <span class='ocrx_word' id='word_1_234' title='bbox 2269 2833 2560 2908; x_wconf 89' lang='lat' dir='ltr'>provinci-</span> 
     </span>
     <span class='ocr_line' id='line_1_30' title="bbox 551 2920 2562 2995; baseline 0.002 -18"><span class='ocrx_word' id='word_1_235' title='bbox 551 2938 714 2978; x_wconf 91' lang='lat' dir='ltr'>arum</span> <span class='ocrx_word' id='word_1_236' title='bbox 769 2920 1170 2995; x_wconf 83' lang='lat' dir='ltr'>propinquitas</span> <span class='ocrx_word' id='word_1_237' title='bbox 1220 2930 1279 2978; x_wconf 82' lang='lat' dir='ltr'>et</span> <span class='ocrx_word' id='word_1_238' title='bbox 1328 2923 1836 2981; x_wconf 88' lang='lat' dir='ltr'>transmarinarum</span> <span class='ocrx_word' id='word_1_239' title='bbox 1885 2941 2078 2981; x_wconf 90' lang='lat' dir='ltr'>rerum</span> <span class='ocrx_word' id='word_1_240' title='bbox 2127 2923 2333 2982; x_wconf 89' lang='lat' dir='ltr'>notitia</span> <span class='ocrx_word' id='word_1_241' title='bbox 2379 2923 2562 2981; x_wconf 90' lang='lat' dir='ltr'>multa</span> 
     </span>
     <span class='ocr_line' id='line_1_31' title="bbox 462 3010 2558 3090; baseline 0.002 -22"><span class='ocrx_word' id='word_1_242' title='bbox 462 3033 525 3084; x_wconf 88' lang='lat'>30</span> <span class='ocrx_word' id='word_1_243' title='bbox 552 3010 629 3068; x_wconf 91' lang='lat' dir='ltr'>ad</span> <span class='ocrx_word' id='word_1_244' title='bbox 667 3011 901 3086; x_wconf 88' lang='lat' dir='ltr'>copiam</span> <span class='ocrx_word' id='word_1_245' title='bbox 944 3021 1119 3086; x_wconf 88' lang='lat' dir='ltr'>atque</span> <span class='ocrx_word' id='word_1_246' title='bbox 1160 3029 1298 3071; x_wconf 90' lang='lat' dir='ltr'>usus</span> <span class='ocrx_word' id='word_1_247' title='bbox 1340 3013 1588 3088; x_wconf 79' lang='lat' dir='ltr'>largitur,</span> <span class='ocrx_word' id='word_1_248' title='bbox 1631 3014 1909 3089; x_wconf 89' lang='lat' dir='ltr'>paulatim</span> <span class='ocrx_word' id='word_1_249' title='bbox 1952 3014 2259 3073; x_wconf 88' lang='lat' dir='ltr'>assuefacti</span> <span class='ocrx_word' id='word_1_250' title='bbox 2301 3016 2558 3090; x_wconf 88' lang='lat' dir='ltr'>superari</span> 
     </span>
     <span class='ocr_line' id='line_1_32' title="bbox 553 3101 2556 3180; baseline 0.002 -21"><span class='ocrx_word' id='word_1_251' title='bbox 553 3101 862 3176; x_wconf 89' lang='lat' dir='ltr'>multisque</span> <span class='ocrx_word' id='word_1_252' title='bbox 904 3103 1041 3160; x_wconf 90' lang='lat' dir='ltr'>victi</span> <span class='ocrx_word' id='word_1_253' title='bbox 1082 3103 1330 3177; x_wconf 80' lang='lat' dir='ltr'>proeliiS,</span> <span class='ocrx_word' id='word_1_254' title='bbox 1368 3122 1444 3161; x_wconf 88' lang='lat' dir='ltr'>ne</span> <span class='ocrx_word' id='word_1_255' title='bbox 1479 3122 1541 3161; x_wconf 88' lang='lat' dir='ltr'>se</span> <span class='ocrx_word' id='word_1_256' title='bbox 1584 3103 1826 3179; x_wconf 90' lang='lat' dir='ltr'>quidem</span> <span class='ocrx_word' id='word_1_257' title='bbox 1866 3104 1978 3180; x_wconf 90' lang='lat' dir='ltr'>ipsi</span> <span class='ocrx_word' id='word_1_258' title='bbox 2019 3123 2156 3163; x_wconf 90' lang='lat' dir='ltr'>cum</span> <span class='ocrx_word' id='word_1_259' title='bbox 2200 3105 2306 3162; x_wconf 89' lang='lat' dir='ltr'>illis</span> <span class='ocrx_word' id='word_1_260' title='bbox 2347 3105 2556 3164; x_wconf 88' lang='lat' dir='ltr'>virtute</span> 
     </span>
     <span class='ocr_line' id='line_1_33' title="bbox 552 3199 915 3267; baseline -0.003 -16"><span class='ocrx_word' id='word_1_261' title='bbox 552 3199 915 3267; x_wconf 86' lang='lat' dir='ltr'>comparant.</span> 
     </span>
    </p>
   </div>
   <div class='ocr_carea' id='block_1_3' title="bbox 738 3317 2389 3413">
    <p class='ocr_par' dir='ltr' id='par_1_3' title="bbox 738 3317 2389 3413">
     <span class='ocr_line' id='line_1_34' title="bbox 738 3317 2389 3413; baseline 0.002 -22"><span class='ocrx_word' id='word_1_262' title='bbox 738 3338 851 3393; x_wconf 77' lang='lat' dir='ltr'>The</span> <span class='ocrx_word' id='word_1_263' title='bbox 873 3317 1202 3408; x_wconf 51' lang='lat' dir='ltr'>Heroiynian</span> <span class='ocrx_word' id='word_1_264' title='bbox 1212 3341 1420 3409; x_wconf 84' lang='lat' dir='ltr'>forest,</span> <span class='ocrx_word' id='word_1_265' title='bbox 1449 3340 1576 3393; x_wconf 86' lang='lat' dir='ltr'>and</span> <span class='ocrx_word' id='word_1_266' title='bbox 1592 3339 1682 3394; x_wconf 74' lang='lat' dir='ltr'>tlte</span> <span class='ocrx_word' id='word_1_267' title='bbox 1705 3341 1957 3395; x_wconf 84' lang='lat' dir='ltr'>am‘mals</span> <span class='ocrx_word' id='word_1_268' title='bbox 1981 3341 2307 3413; x_wconf 75' lang='lat' dir='ltr'>inhabiting</span> <span class='ocrx_word' id='word_1_269' title='bbox 2327 3343 2389 3395; x_wconf 81' lang='lat' dir='ltr'>it.</span> 
     </span>
    </p>
   </div>
   <div class='ocr_carea' id='block_1_4' title="bbox 466 3463 2556 3796">
    <p class='ocr_par' dir='ltr' id='par_1_4' title="bbox 632 3463 2556 3541">
     <span class='ocr_line' id='line_1_35' title="bbox 632 3463 2556 3541; baseline -0.001 -17"><span class='ocrx_word' id='word_1_270' title='bbox 632 3465 816 3524; x_wconf 89' lang='lat' dir='ltr'><strong>XXV.</strong></span> <span class='ocrx_word' id='word_1_271' title='bbox 863 3463 1057 3522; x_wconf 92' lang='lat' dir='ltr'>Huius</span> <span class='ocrx_word' id='word_1_272' title='bbox 1108 3463 1444 3539; x_wconf 89' lang='lat' dir='ltr'>Hercyniae</span> <span class='ocrx_word' id='word_1_273' title='bbox 1493 3465 1686 3536; x_wconf 90' lang='lat' dir='ltr'>silvae,</span> <span class='ocrx_word' id='word_1_274' title='bbox 1737 3483 1888 3541; x_wconf 89' lang='lat' dir='ltr'>quae</span> <span class='ocrx_word' id='word_1_275' title='bbox 1937 3483 2112 3541; x_wconf 91' lang='lat' dir='ltr'>supra</span> <span class='ocrx_word' id='word_1_276' title='bbox 2158 3464 2556 3524; x_wconf 89' lang='lat' dir='ltr'>demonstrata</span> 
     </span>
    </p>

    <p class='ocr_par' dir='ltr' id='par_1_5' title="bbox 466 3553 2552 3796">
     <span class='ocr_line' id='line_1_36' title="bbox 554 3553 2552 3631; baseline -0.001 -16"><span class='ocrx_word' id='word_1_277' title='bbox 554 3564 659 3628; x_wconf 90' lang='lat' dir='ltr'>est,</span> <span class='ocrx_word' id='word_1_278' title='bbox 700 3553 946 3613; x_wconf 86' lang='lat' dir='ltr'>latitudo</span> <span class='ocrx_word' id='word_1_279' title='bbox 988 3571 1203 3613; x_wconf 90' lang='lat' dir='ltr'>novem</span> <span class='ocrx_word' id='word_1_280' title='bbox 1244 3553 1471 3612; x_wconf 89' lang='lat' dir='ltr'>dierum</span> <span class='ocrx_word' id='word_1_281' title='bbox 1512 3555 1620 3612; x_wconf 89' lang='lat' dir='ltr'>iter</span> <span class='ocrx_word' id='word_1_282' title='bbox 1660 3553 1937 3631; x_wconf 84' lang='lat' dir='ltr'>expedito</span> <span class='ocrx_word' id='word_1_283' title='bbox 1979 3564 2178 3630; x_wconf 81' lang='lat' dir='ltr'>patet3</span> <span class='ocrx_word' id='word_1_284' title='bbox 2226 3574 2350 3614; x_wconf 90' lang='lat' dir='ltr'>non</span> <span class='ocrx_word' id='word_1_285' title='bbox 2391 3556 2552 3614; x_wconf 88' lang='lat' dir='ltr'>enim</span> 
     </span>
     <span class='ocr_line' id='line_1_37' title="bbox 466 3645 2552 3720; baseline 0 -16"><span class='ocrx_word' id='word_1_286' title='bbox 466 3664 527 3716; x_wconf 81' lang='lat'>35</span> <span class='ocrx_word' id='word_1_287' title='bbox 554 3646 715 3704; x_wconf 88' lang='lat' dir='ltr'>aliter</span> <span class='ocrx_word' id='word_1_288' title='bbox 740 3645 891 3704; x_wconf 88' lang='lat' dir='ltr'>finiri</span> <span class='ocrx_word' id='word_1_289' title='bbox 919 3654 1132 3720; x_wconf 90' lang='lat' dir='ltr'>potest,</span> <span class='ocrx_word' id='word_1_290' title='bbox 1162 3662 1355 3720; x_wconf 92' lang='lat' dir='ltr'>neque</span> <span class='ocrx_word' id='word_1_291' title='bbox 1390 3662 1686 3703; x_wconf 84' lang='lat' dir='ltr'>mensuras</span> <span class='ocrx_word' id='word_1_292' title='bbox 1724 3645 1992 3703; x_wconf 89' lang='lat' dir='ltr'>itinerum</span> <span class='ocrx_word' id='word_1_293' title='bbox 2031 3656 2331 3704; x_wconf 89' lang='lat' dir='ltr'>noverunt.</span> <span class='ocrx_word' id='word_1_294' title='bbox 2423 3647 2552 3706; x_wconf 92' lang='lat' dir='ltr'>Ori-</span> 
     </span>
     <span class='ocr_line' id='line_1_38' title="bbox 554 3735 2552 3796; baseline 0.001 -2"><span class='ocrx_word' id='word_1_295' title='bbox 554 3746 645 3795; x_wconf 88' lang='lat' dir='ltr'>tur</span> <span class='ocrx_word' id='word_1_296' title='bbox 672 3736 747 3792; x_wconf 91' lang='lat' dir='ltr'>ab</span> <span class='ocrx_word' id='word_1_297' title='bbox 777 3735 1179 3793; x_wconf 87' lang='lat' dir='ltr'>Helvetiorum</span> <span class='ocrx_word' id='word_1_298' title='bbox 1210 3744 1268 3792; x_wconf 90' lang='lat' dir='ltr'>et</span> <span class='ocrx_word' id='word_1_299' title='bbox 1298 3735 1616 3793; x_wconf 90' lang='lat' dir='ltr'>Nemetum</span> <span class='ocrx_word' id='word_1_300' title='bbox 1646 3745 1704 3793; x_wconf 91' lang='lat' dir='ltr'>et</span> <span class='ocrx_word' id='word_1_301' title='bbox 1728 3735 2108 3794; x_wconf 88' lang='lat' dir='ltr'>Rauricorum</span> <span class='ocrx_word' id='word_1_302' title='bbox 2131 3737 2340 3795; x_wconf 90' lang='lat' dir='ltr'>finibus</span> <span class='ocrx_word' id='word_1_303' title='bbox 2369 3747 2552 3796; x_wconf 88' lang='lat' dir='ltr'>recta-</span> 
     </span>
    </p>
   </div>
  </div>
 </body>
</html>
