2796 4207
862 267 1006 320 LIB.
1049 266 1146 320 lv.
1190 265 1357 320 CAP.
1398 264 1784 318 xlx-XXII.
2253 247 2376 312 115

260 430 554 490 idoneum
592 446 721 487 esse
760 429 1064 487 arbitratus
1108 428 1321 488 Gaium
1353 427 1720 486 Volusenum
1759 445 1896 485 cum
1937 425 2072 486 navi
2113 425 2289 503 longa

260 523 603 600 praemittit.
692 520 853 578 Huic
894 518 1153 591 mandat,
1183 528 1246 577 ut
1275 518 1587 593 exploratis
1615 517 1888 577 omnibus
1914 518 2087 578 rebus
2114 517 2193 576 ad
2223 536 2286 576 se

260 633 450 691 quam
479 614 733 690 primum
769 619 1103 668 revertatur.
1188 609 1326 684 Ipse
1360 626 1498 666 cum
1532 608 1804 667 omnibus
1838 608 2024 684 copiis
2061 609 2118 666 in
2152 609 2284 668 Mo-

257 706 429 764 rinos
466 703 869 782 proficiscitu1·‚
902 698 1067 775 quod
1103 698 1242 766 inde
1273 709 1394 758 erat
1431 699 1799 758 brevissimus
1827 700 1885 757 in
1925 699 2283 759 Britanniam

260 798 559 855 traiectus.
664 797 805 854 Huc
862 811 1041 852 naves
1084 789 1347 867 undique
1393 810 1467 850 ex
1511 792 1768 850 finitimis
1816 791 2148 867 regionibus
2204 802 2281 864 et,
2315 814 2343 868 5

260 907 447 964 quam
487 888 783 962 superiore
819 894 1035 944 aestate
1074 882 1151 941 ad
1184 882 1535 941 Veneticum
1577 883 1793 941 bellum
1827 883 2098 942 effecerat
2138 884 2284 943 clas-

261 997 415 1051 sem,
458 979 616 1037 iubet
657 979 987 1036 convenire.
1073 974 1317 1032 Interim
1360 973 1606 1033 consilio
1650 974 1774 1032 eius
1810 975 2049 1050 cognito
2080 984 2140 1033 et
2179 991 2286 1050 per

261 1078 622 1127 mercatores
658 1068 881 1144 perlato
910 1067 987 1126 ad
1023 1066 1347 1136 BritannOS,
1379 1083 1416 1122 a
1449 1064 1845 1140 compluribus
1885 1064 2104 1124 insulae
2143 1065 2282 1124 civi-

258 1160 481 1218 tatibus
522 1159 600 1216 ad
628 1177 765 1217 eum
807 1159 977 1234 legati
1006 1159 1265 1228 veniunt,
1296 1156 1397 1233 qui
1439 1156 1821 1231 polliceantur
1863 1155 2099 1215 obsides
2141 1155 2281 1215 dare

259 1261 445 1325 atque
480 1251 724 1326 imperio
753 1250 955 1326 populi
988 1249 1242 1308 Romani
1275 1248 1700 1323 obtemperare.
1788 1246 2016 1321 Quibus
2049 1245 2280 1321 auditiS,
2317 1259 2368 1299 10

258 1341 573 1400 liberaliter
601 1341 890 1416 pollicitus
928 1341 1323 1417 hortatusque,
1354 1349 1419 1397 ut
1448 1341 1508 1396 in
1537 1357 1608 1396 ea
1647 1338 1936 1396 sententia
1973 1356 2278 1413 permane-

260 1444 417 1507 rent,
460 1453 563 1494 eos
604 1434 849 1493 domum
891 1435 1126 1493 remittit
1167 1445 1226 1493 et
1254 1453 1390 1493 cum
1429 1433 1498 1492 iis
1540 1450 1656 1490 una
1698 1431 2056 1504 Commium,
2101 1449 2280 1507 quem

260 1528 393 1604 ipse
443 1526 813 1585 Atrebatibus
862 1527 1143 1601 superatis
1188 1545 1383 1602 regem
1435 1525 1514 1584 ibi
1560 1523 1958 1594 constituerat,
2009 1523 2173 1582 cuius
2222 1534 2283 1583 et

260 1621 534 1677 virtutem
580 1627 641 1676 et
689 1617 993 1676 consilium
1050 1618 1334 1693 probabat
1380 1628 1438 1675 et
1483 1633 1658 1693 quem
1711 1614 1822 1673 sibi
1865 1613 2102 1672 fidelem
2152 1631 2280 1674 esse

261 1710 663 1780 arbitrabatur,
722 1709 1007 1784 cuiusque
1062 1709 1373 1767 auctoritas
1431 1709 1490 1766 in
1547 1708 1632 1765 his
1689 1705 2026 1782 regionibus
2083 1706 2280 1781 magni
2312 1736 2367 1788 ¹5

260 1800 605 1872 habebatur,
649 1800 841 1858 mittit.
928 1800 1089 1858 Huic
1127 1801 1392 1876 imperat,
1424 1819 1569 1875 quas
1611 1799 1814 1875 possit,
1860 1796 2036 1856 adeat
2080 1796 2278 1857 civita-

259 1902 353 1949 tes
396 1891 790 1966 horteturque,
838 1901 901 1948 ut
945 1890 1149 1967 populi
1191 1892 1449 1950 Romani
1490 1890 1671 1950 fidem
1713 1900 2046 1966 sequantur,
2095 1906 2276 1965 seque

259 1983 529 2042 celeriter
555 1999 628 2041 eo
651 1992 959 2040 venturum
988 1983 1231 2042 nuntiet.
1314 1983 1645 2042 Volusenus
1675 1984 1996 2060 perspectis
2025 1983 2276 2059 regioni-

258 2075 373 2135 bus
414 2074 705 2146 omnibuS,
764 2084 1046 2150 quantum
1101 2075 1155 2132 ei
1214 2074 1497 2133 facultatis
1552 2073 1675 2134 dari
1731 2075 1938 2152 potuit,
1996 2075 2097 2152 qui
2143 2077 2274 2135 navi

191 2165 465 2243 -aeegredi
493 2185 563 2224 ac
592 2184 655 2224 se
692 2166 945 2225 barbaris
980 2167 1345 2224 committere
1383 2184 1508 2225 non
1549 2165 1808 2241 auderet,
1831 2168 2038 2243 quinto
2067 2165 2164 2226 die
2199 2167 2274 2226 ad
2307 2186 2365 2223 20

258 2260 579 2319 Caesarem
605 2259 925 2329 revertitur,
956 2276 1223 2333 quaeque
1254 2258 1334 2317 ibi
1363 2259 1769 2334 perspexisset,
1798 2260 2108 2319 renuntiat.

342 2351 536 2408 XXII.
585 2350 745 2407 Dum
774 2348 834 2406 in
864 2348 951 2407 his
989 2349 1131 2407 locis
1161 2350 1376 2408 Caesar
1409 2351 1640 2408 navium
1680 2352 2069 2427 parandarum
2100 2374 2276 2415 causa

256 2450 535 2512 moratur,
566 2458 640 2499 ex
669 2458 879 2515 magna
911 2449 1073 2515 parte
1106 2441 1468 2513 Morinorum
1497 2440 1574 2498 ad
1604 2461 1740 2501 eum
1768 2445 1942 2521 legati
1969 2457 2272 2518 venerunt,

256 2532 363 2607 qui
392 2550 455 2589 se
485 2530 559 2589 de
588 2531 898 2606 superioris
919 2531 1196 2606 temporis
1226 2531 1470 2589 consilio
1499 2545 1860 2608 excusarent,
1891 2536 2055 2613 quod
2085 2538 2271 2598 horni-

254 2640 367 2681 nes
401 2622 625 2681 barbari
658 2633 716 2680 et
757 2631 988 2680 nostrae
1022 2621 1463 2681 consuetudinis
1497 2624 1748 2701 imperiti
1788 2628 2006 2688 bellum
2049 2630 2272 2706 populo
2303 2651 2361 2703 25

257 2715 537 2771 Romano
558 2713 849 2785 fecissent,
875 2730 1054 2787 seque
1084 2732 1172 2786 ea,
1196 2732 1347 2789 quae
1377 2715 1735 2791 imperasset,
1759 2720 2012 2780 facturos
2029 2721 2270 2797 pollice-

252 2813 469 2862 rentur.
559 2804 701 2863 Hoc
730 2804 839 2863 sibi
870 2804 1086 2863 Caesar
1107 2806 1241 2863 satis
1272 2816 1602 2881 opportune
1631 2810 1916 2871 accidisse
1946 2813 2267 2885 arbitratuS,

252 2894 421 2971 quod
469 2912 661 2970 neque
707 2904 841 2971 post
888 2905 1115 2972 tergum
1158 2898 1390 2957 hostem
1434 2904 1760 2979 relinquere
1801 2905 2035 2964 volebat
2076 2923 2270 2981 neque

249 2987 392 3045 belli
428 2985 668 3062 gerendi
702 2997 943 3063 propter
978 2990 1115 3048 anni
1145 3002 1377 3069 tempus
1407 2996 1740 3054 facultatem
1782 2997 2036 3057 habebat
2074 3014 2268 3073 neque

250 3079 361 3136 has
389 3078 736 3136 tantularum
765 3097 969 3157 rerum,
992 3085 1414 3161 occupationes
1455 3088 1782 3146 Britanniae
1824 3080 2270 3165 anteponendas
2297 3110 2359 3160 30

248 3168 569 3241 iudicabat,
601 3188 876 3246 magnum
913 3172 980 3232 iis
1021 3194 1330 3236 numerum
1372 3176 1645 3237 obsidum
1688 3179 1951 3254 imperat.
2039 3180 2269 3254 Quibus

247 3259 526 3319 adductis
556 3278 657 3319 eos
687 3262 746 3319 in
775 3262 957 3324 fidem
990 3268 1230 3343 recepit.
1318 3268 1580 3327 Navibus
1619 3269 1844 3329 circiter
1872 3286 2034 3329 Lxxx
2061 3288 2266 3329 onera-

247 3353 348 3410 riis
392 3352 613 3411 coactis
656 3359 1104 3434 contractisque,
1136 3358 1299 3434 quod
1342 3360 1477 3418 satis
1506 3377 1634 3419 esse
1673 3360 1749 3419 ad
1792 3360 1937 3419 duas
1971 3370 2262 3437 transpor-

248 3442 461 3502 tandas
482 3443 744 3519 legiones
774 3449 1155 3521 existimabat,
1187 3448 1349 3525 quod
1378 3460 1678 3526 praeterea
1699 3451 1933 3509 navium
1962 3451 2266 3529 longarum

248 3534 525 3607 habebat,
556 3541 865 3613 quaestori,
906 3540 1106 3615 legatis
1144 3541 1567 3617 praefectisque
1603 3541 1908 3602 distribuit.
1995 3544 2138 3601 Huc
2165 3560 2262 3602 ac·
2292 3554 2352 3607 35

246 3625 549 3687 cedebant
589 3648 732 3689 xvm
771 3632 1066 3690 onerariae
1105 3651 1299 3705 naves,
1336 3650 1489 3707 quae
1532 3651 1606 3691 ex
1643 3651 1716 3692 eo
1758 3635 1892 3692 loco
1927 3635 2003 3693 ab
2035 3634 2265 3693 milibus

246 3740 534 3797 passuum
560 3738 663 3781 vm
690 3733 867 3782 vento
896 3724 1256 3796 tenebantur,
1287 3743 1408 3801 quo
1438 3725 1630 3783 minus
1659 3725 1718 3783 in
1747 3724 2004 3785 eundem
2031 3735 2264 3800 portum

244 3817 451 3877 venire
494 3826 765 3891 possent:
815 3816 917 3874 has
961 3818 1249 3892 equitibus
1293 3817 1596 3877 distribuit.
1683 3819 1998 3893 Reliquum
2042 3820 2259 3877 exerci-
