2796 4207
497 213 617 278 116
1167 231 1276 285 DE
1329 232 1583 287 BELLO
1636 234 1982 289 GALLICO

581 402 704 453 tum
761 393 983 469 Quinto
1036 394 1261 453 Titurio
1311 394 1526 455 Sabino
1582 405 1643 455 et
1696 396 1880 455 Lucio
1938 396 2330 459 Aurunculeio
2378 399 2596 459 Cottae

577 485 778 561 legatis
820 486 879 544 in
911 486 1221 562 Menapios
1257 495 1434 562 atque
1462 486 1523 545 in
1566 504 1669 546 eos
1710 506 1894 564 pagos
1924 491 2309 568 Morinorum,
2339 496 2416 555 ab
2458 493 2590 571 qui-

577 576 686 635 bus
726 576 804 636 ad
831 596 968 636 eum
1005 577 1179 655 legati
1213 596 1333 637 non
1361 587 1656 652 venerant,
1686 578 2030 639 ducendum
2063 581 2267 659 dedit3
2312 587 2589 647 Publium

577 668 895 743 Sulpicium
927 669 1146 727 Rufum
1183 670 1437 745 legatum
1474 688 1613 729 cum
1640 688 1714 729 eo
1751 672 2062 747 praesidio,
2093 674 2257 749 quod
2291 678 2429 736 satis
2458 696 2589 737 esse

522 782 550 835 5
576 758 969 832 arbitrabatur,
1001 768 1236 836 portum
1264 770 1462 819 tenere
1493 761 1673 821 iussit.

705 910 799 965 He
811 912 1072 981 proceeds
1095 918 1153 965 to
1173 912 1427 966 Britain.
1511 911 1626 966 The
1648 913 1874 967 natives
1896 914 2066 969 restet
2082 914 2329 987 bravely,
2356 935 2459 973 are

1223 992 1485 1065 defeated,
1510 995 1731 1065 suefor
1739 997 1925 1063 peace.

653 1110 881 1167 XXIII.
931 1110 1046 1167 His
1100 1110 1427 1169 constitutis
1481 1109 1653 1169 rebus
1706 1120 1913 1171 nactus
1963 1111 2241 1173 idoneam
2288 1114 2367 1174 ad
2423 1117 2583 1175 navi-

571 1198 832 1277 gandum
873 1208 1281 1276 tempestatem
1323 1201 1491 1259 tertia
1532 1202 1649 1261 fere
1690 1201 1881 1277 vigilia
1919 1202 2090 1262 solvit
2129 1205 2475 1282 equitesque
2518 1208 2583 1267 in

573 1291 903 1350 ulteriorem
929 1302 1162 1367 portum
1196 1291 1471 1368 progredi
1499 1302 1558 1351 et
1586 1310 1762 1351 naves
1800 1293 2200 1354 conscendere
2230 1305 2291 1355 et
2318 1316 2381 1356 se
2411 1300 2580 1377 sequi

571 1383 749 1442 iussit.
832 1384 885 1441 A
912 1383 1122 1459 quibus
1150 1400 1287 1441 cum
1315 1384 1491 1459 paulo
1519 1382 1737 1443 tardius
1765 1395 1918 1444 esset
1946 1385 2428 1462 administratum,
2451 1390 2579 1467 ipse

488 1510 546 1548 10
572 1481 716 1540 hora
747 1480 974 1539 circiter
1005 1478 1122 1539 diei
1159 1489 1363 1556 quarta
1388 1499 1528 1538 cum
1560 1482 1759 1557 primis
1791 1482 2033 1542 navibus
2063 1485 2421 1546 Britanniam
2448 1490 2579 1547 atti-

569 1579 654 1656 git
690 1588 866 1655 atque
909 1578 988 1637 ibi
1029 1578 1090 1636 in
1129 1577 1404 1637 omnibus
1452 1578 1693 1637 collibus
1734 1581 2027 1655 expositas
2070 1582 2327 1643 hostium
2376 1586 2580 1661 copias

569 1680 816 1729 armatas
864 1670 1187 1746 conspexit.
1272 1670 1453 1729 Cuius
1508 1670 1623 1728 loci
1664 1670 1811 1729 haec
1861 1682 1983 1731 erat
2027 1683 2247 1749 natura,
2276 1684 2454 1752 atque
2500 1678 2580 1735 ita
2664 1706 2671 1713 ·

569 1761 865 1821 montibus
905 1761 1160 1837 angustis
1203 1778 1360 1819 mare
1403 1760 1826 1833 continebatur,
1857 1763 1939 1820 uti
1975 1781 2049 1822 ex
2088 1765 2233 1823 locis
2274 1768 2578 1842 superiori·

568 1854 677 1912 bus
715 1852 775 1910 in
808 1852 940 1911 litus
974 1850 1155 1911 telum
1187 1849 1344 1927 adigi
1380 1861 1599 1927 posset.
1684 1852 1867 1911 Hunc
1902 1852 1980 1912 ad
2018 1853 2443 1929 egrediendum
2472 1877 2575 1917 ne-

485 1974 541 2027 15
569 1961 864 2021 quaquam
900 1942 1183 2001 idoneum
1223 1943 1421 2001 locum
1452 1942 1775 2016 arbitratuS,
1805 1942 1949 2002 dum
1990 1946 2245 2021 reliquae
2287 1965 2465 2008 naves
2500 1968 2576 2008 eo

567 2036 966 2109 convenirent,
1008 2034 1086 2094 ad
1129 2035 1332 2093 horam
1372 2052 1593 2093 nonam
1635 2035 1696 2093 in
1742 2036 1973 2094 ancoris
2014 2039 2388 2115 exspectavit.
2477 2042 2575 2100 In-

567 2132 734 2191 terim
789 2131 990 2208 legatis
1043 2131 1403 2207 tribunisque
1459 2130 1705 2189 militum
1762 2132 2121 2203 convocatiS‚
2179 2142 2239 2192 et
2291 2151 2442 2210 quae
2501 2153 2577 2194 ex

567 2223 865 2282 Voluseno
899 2233 1210 2300 cognosset
1237 2232 1298 2283 et
1333 2240 1486 2299 quae
1518 2222 1641 2282 fieri
1681 2223 1870 2295 vellet,
1910 2222 2170 2283 ostendit
2206 2225 2571 2302 monuitque,

566 2323 630 2373 ut
657 2315 739 2373 rei
767 2315 1022 2374 militaris
1050 2315 1214 2387 ratic,
1243 2315 1496 2373 maxime
1533 2324 1597 2373 ut
1625 2315 1944 2374 maritimae
1973 2333 2065 2374 res
2097 2316 2478 2392 postularent,
2508 2327 2573 2376 ut

479 2436 540 2472 20
564 2427 714 2486 quae
744 2410 995 2468 celerem
1023 2418 1198 2485 atque
1225 2408 1554 2468 instabilem
1582 2417 1807 2467 motum
1838 2409 2137 2482 haberent,
2169 2408 2248 2469 ad
2275 2420 2483 2470 nutum
2513 2421 2575 2470 et

563 2501 641 2560 ad
679 2511 911 2578 tempus
944 2518 1150 2560 omnes
1187 2519 1278 2559 res
1307 2501 1381 2560 ab
1420 2500 1487 2559 iis
1521 2498 2070 2559 administrarentur.
2164 2501 2281 2561 His
2320 2500 2574 2561 dimissis

564 2604 622 2654 et
663 2604 901 2654 ventum
945 2605 1004 2654 et
1043 2604 1269 2654 aestum
1313 2613 1433 2654 uno
1481 2603 1748 2670 tempore
1788 2581 1995 2652 nactus
2037 2592 2386 2667 secundum,
2432 2593 2573 2653 dato

563 2688 729 2763 signo
759 2696 818 2746 et
845 2687 1081 2746 sublatis
1109 2687 1336 2746 ancoris
1365 2686 1591 2745 circiter
1618 2685 1796 2744 millia
1829 2703 2105 2761 passuum
2134 2696 2363 2762 septem
2391 2686 2468 2745 ab
2496 2705 2570 2745 eo

561 2778 696 2838 loco
724 2797 1079 2856 progressuS,
1109 2787 1312 2855 aperto
1339 2796 1411 2836 ac
1439 2777 1615 2852 plano
1642 2777 1809 2836 litore
1838 2795 2014 2835 naves
2043 2777 2358 2836 constituit.

476 2884 535 2938 25
639 2871 856 2930 XXIV.
900 2872 976 2929 At
1001 2870 1246 2943 barbari,
1270 2869 1515 2928 consilio
1545 2869 1949 2927 Romanorum
1970 2868 2225 2944 cognito,
2247 2865 2569 2943 praemisso

561 2963 820 3038 equitatu
864 2970 924 3021 et
965 2961 1284 3033 essedariiS,
1315 2978 1436 3035 quo
1477 2960 1819 3036 plerumque
1860 2977 2073 3034 genere
2107 2960 2171 3017 in
2209 2959 2445 3034 proeliis
2486 2960 2571 3018 uti

560 3063 934 3125 consuerunt,
973 3053 1203 3128 reliquis
1245 3053 1432 3128 copiis
1474 3051 1768 3110 subsecuti
1812 3060 2041 3109 nostros
2084 3051 2325 3110 navibus
2367 3050 2568 3128 egredi

559 3145 966 3221 prohibebant.
1051 3145 1190 3202 Erat
1237 3143 1317 3202 ob
1366 3143 1471 3202 has
1508 3160 1713 3201 causas
1760 3160 1990 3201 summa
2036 3141 2363 3214 difficultas,
2408 3141 2570 3217 quod

559 3255 736 3295 naves
777 3245 1016 3312 propter
1055 3233 1517 3312 magnitudinem
1545 3233 1656 3292 nisi
1692 3233 1755 3291 in
1790 3233 1909 3292 alto
1938 3233 2213 3292 constitui
2245 3251 2371 3292 non
2400 3243 2567 3308 pote-

471 3351 535 3402 30
559 3337 703 3398 rant,
735 3326 1007 3386 militibus
1040 3334 1236 3384 autem
1273 3326 1485 3400 ignotis
1512 3324 1675 3396 lociS,
1706 3322 2002 3400 impeditis
2037 3323 2321 3396 manibuS‚
2351 3341 2567 3399 magno

561 3429 621 3479 et
647 3419 802 3496 gravi
831 3436 1008 3477 onere
1048 3408 1338 3475 armorum
1366 3417 1658 3491 oppressis
1702 3415 1871 3474 simul
1899 3425 1958 3475 et
1998 3414 2075 3473 de
2104 3415 2347 3474 navibus
2376 3414 2564 3502 desili:

560 3510 782 3570 endum
831 3519 891 3567 et
939 3509 999 3566 in
1047 3507 1312 3566 fluctibus
1359 3505 1801 3565 consistendum
1850 3515 1910 3565 et
1957 3524 2095 3564 cum
2136 3505 2403 3565 hostibus
2443 3503 2565 3579 erat

560 3599 960 3678 pugnandum,
990 3617 1128 3657 cum
1169 3599 1246 3657 illi
1273 3608 1373 3657 aut
1412 3615 1485 3656 ex
1513 3596 1677 3657 arido
1712 3607 1811 3656 aut
1837 3596 2073 3673 paulum
2104 3598 2165 3655 in
2191 3614 2405 3671 aquam
2434 3613 2563 3672 pro-

561 3699 738 3774 gressi
779 3696 1049 3756 omnibus
1091 3696 1366 3755 membris
1408 3695 1713 3771 expeditis,
1750 3695 2061 3754 notissimis
2102 3695 2245 3754 locis
2286 3694 2565 3754 audacter

475 3807 534 3858 35
561 3789 680 3848 tela
719 3787 1057 3846 conicerent
1085 3795 1144 3844 et
1183 3804 1368 3862 equos
1413 3785 1761 3844 insuefactos
1802 3787 2123 3845 incitarent.
2210 3787 2440 3862 Quibus
2476 3805 2561 3846 re-
