2796 4207
480 223 603 288 114
1116 243 1225 296 DE
1278 243 1534 298 BELLO
1586 245 1936 302 GALLICO

561 402 723 479 apud
750 421 812 462 se
842 402 1151 476 habebant,
1179 406 1392 465 finibus
1433 407 1552 466 suis
1584 417 1953 468 excesserant
1989 427 2209 487 suaque
2237 414 2442 474 omnia
2469 433 2573 476 ex-

560 503 930 571 portaverant
958 513 1139 570 seque
1168 495 1227 554 in
1256 495 1628 556 solitudinem
1657 515 1727 556 ac
1757 498 1925 557 silvas
1952 499 2315 561 abdiderant.

638 585 806 644 XIX.
849 585 1065 646 Caesar
1090 604 1313 662 paucos
1341 586 1470 646 dies
1497 587 1557 646 in
1585 606 1788 648 eorum
1825 589 2038 649 finibus
2079 603 2338 654 moratus
2377 596 2571 656 omni-

556 677 668 738 bus
710 676 855 736 vicis
896 676 1293 752 aedificiisque
1344 679 1594 738 incensis
1638 679 2056 756 frumentisque
2103 685 2344 744 succisis
2391 705 2458 745 se
2506 691 2574 746 in

505 789 532 842 5
558 768 705 827 fines
733 767 1023 828 Ubiorum
1060 769 1283 844 recepit
1322 779 1498 845 atque
1540 770 1610 828 iis
1649 771 1925 830 auxilium
1968 791 2136 831 suum
2180 776 2488 850 pollicitu5‚
2519 779 2572 837 si

558 860 633 920 ab
661 860 867 919 Suebis
894 869 1311 937 premerentur,
1335 860 1482 918 haec
1510 861 1681 920 abiis
1709 863 2021 938 cognovit:
2067 865 2308 938 SuebOS‚
2333 878 2570 944 postea-

558 967 735 1026 quam
778 967 885 1026 per
922 951 1314 1027 exploratores
1355 961 1601 1027 pontem
1628 952 1754 1010 fieri
1789 955 2232 1030 comperissent,
2263 976 2426 1016 more
2457 979 2570 1018 suo

556 1043 808 1102 concilio
866 1042 1063 1101 habito
1118 1043 1353 1102 nuntios
1396 1043 1458 1100 in
1503 1061 1710 1102 omnes
1759 1055 1954 1120 partes
2002 1045 2305 1120 dimisisse,
2355 1051 2442 1108 uti
2487 1051 2568 1108 de

556 1133 791 1210 oppidis
832 1133 1240 1209 demigrarent,
1284 1133 1514 1206 liberm,
1551 1145 1760 1194 uxores
1803 1155 2025 1213 suaque
2067 1140 2267 1197 omnia
2309 1140 2368 1198 in
2410 1141 2568 1200 silvis

471 1249 531 1288 ιο
555 1224 941 1301 deponerent,
970 1234 1145 1300 atque
1188 1241 1414 1297 omnes,
1459 1225 1560 1300 qui
1601 1244 1764 1286 arma
1803 1227 1948 1286 ferre
1989 1239 2252 1304 possent,
2283 1248 2466 1290 unum
2504 1233 2568 1291 in

552 1317 749 1374 locum
779 1317 1193 1375 convenirent:
1240 1315 1397 1375 hunc
1443 1334 1570 1375 esse
1613 1315 1909 1378 delectum
1951 1319 2213 1379 medium
2253 1321 2372 1380 fere
2414 1323 2566 1399 regi-

553 1425 736 1467 onum
780 1426 995 1478 earum,
1041 1425 1183 1482 quas
1226 1406 1403 1466 Suebi
1445 1407 1812 1482 obtinerent3
1871 1409 1966 1468 hic
2011 1411 2417 1472 Romanorum
2459 1413 2566 1471 ad-

552 1507 791 1556 ventum
815 1508 1151 1573 exspectare
1175 1508 1351 1572 atque
1373 1498 1455 1558 ibi
1477 1498 1774 1558 decertare
1803 1502 2189 1562 constituisse.
2259 1503 2442 1578 Quod
2465 1505 2568 1563 ubi

554 1589 770 1648 Caesar
811 1590 1115 1665 comperit,
1146 1590 1418 1649 omnibus
1452 1590 1624 1650 rebus
1658 1592 1724 1650 iis
1751 1592 2055 1664 confectis,
2086 1611 2330 1668 quarum
2367 1613 2562 1654 rerum

470 1697 526 1751 ¹5
554 1698 730 1740 causa
770 1679 1071 1739 traducere
1114 1682 1432 1763 exercitum
1475 1683 1868 1755 constituerat,
1898 1693 1961 1741 ut
1991 1684 2299 1744 Germanis
2337 1695 2564 1745 metum

554 1770 812 1843 iniceret,
844 1781 907 1830 ut
936 1773 1287 1848 Sugambros
1326 1771 1717 1846 ulcisceretur,
1746 1783 1811 1832 ut
1840 1775 2028 1833 Ubios
2069 1774 2378 1836 obsidione
2419 1777 2560 1836 libe-

553 1871 721 1933 raret,
772 1862 980 1921 diebus
1034 1864 1276 1922 omnino
1333 1862 1545 1922 decem
1595 1874 1654 1922 et
1703 1873 1840 1922 octo
1896 1874 2051 1923 trans
2095 1865 2370 1925 Rhenum
2415 1886 2560 1926 con-

554 1954 817 2029 sumptiS,
874 1954 1011 2012 satis
1064 1964 1124 2013 et
1176 1954 1253 2012 ad
1316 1954 1552 2013 laudem
1609 1964 1668 2013 et
1721 1955 1800 2013 ad
1865 1956 2168 2014 utilitatem
2231 1958 2562 2033 profectum

552 2045 872 2117 arbitratuS,
916 2063 978 2105 se
1022 2045 1082 2102 in
1125 2045 1372 2105 Galliam
1416 2045 1637 2121 recepit
1679 2055 2040 2123 pontemque
2083 2047 2332 2107 rescidit.
2538 2105 2562 2125 ,.

681 2198 892 2252 Caesar
902 2200 1177 2267 prepares
1202 2203 1257 2249 to
1282 2195 1493 2249 invade
1517 2196 1755 2249 Britain
1765 2215 1797 2259 ,·
1834 2195 1925 2250 tlte
1949 2198 2182 2251 Morini
2201 2153 2500 2253 submi-ts!

466 2344 527 2380 20
631 2318 759 2375 XX.
820 2316 1047 2392 Exigua
1078 2323 1239 2390 parte
1268 2313 1504 2372 aestatis
1532 2314 1752 2389 reliqua
1781 2314 2014 2387 Caesar,
2047 2316 2156 2373 etsi
2180 2316 2243 2374 in
2277 2316 2366 2375 his
2395 2318 2558 2391 locis,

552 2413 715 2491 quod
750 2416 939 2475 omnis
968 2413 1159 2473 Gallia
1185 2412 1261 2470 ad
1296 2412 1721 2487 septentriones
1749 2412 1948 2487 vergit,
1979 2422 2237 2471 maturae
2267 2424 2402 2473 sunt
2433 2416 2556 2473 hie-

552 2524 695 2578 meS,
726 2515 923 2564 tamen
951 2506 1011 2563 in
1038 2504 1393 2583 Britanniam
1421 2502 1714 2578 proficisci
1743 2502 2067 2575 contendit,
2091 2503 2254 2579 quod
2283 2506 2558 2565 omnibus

550 2598 669 2655 fere
699 2597 936 2657 Gallicis
975 2596 1136 2655 bellis
1175 2594 1439 2654 hostibus
1473 2594 1684 2653 nostris
1711 2594 1852 2653 inde
1891 2595 2321 2655 subministrata
2347 2598 2562 2655 auxilia

551 2688 921 2764 intellegebat
949 2696 1024 2758 et,
1055 2688 1103 2745 si
1130 2695 1361 2761 tempus
1389 2684 1527 2745 anni
1555 2684 1633 2744 ad
1661 2684 1876 2744 bellum
1904 2684 2228 2761 gerendum
2257 2686 2556 2760 deficeret,

466 2806 526 2859 25
550 2790 749 2839 tamen
796 2796 1009 2854 magno
1058 2778 1165 2836 sibi
1208 2778 1335 2836 usui
1380 2776 1503 2835 fore
1549 2775 1943 2848 arbitrabatur,
1987 2777 2035 2834 si
2083 2777 2264 2835 modo
2309 2778 2556 2838 insulam

551 2871 783 2943 adisset,
828 2888 1011 2946 genus
1066 2867 1370 2927 hominum
1427 2868 1832 2943 perspexisset,
1884 2868 2032 2939 loca,
2090 2877 2308 2943 portuS,
2367 2869 2558 2928 aditus

552 2962 960 3038 cognovisset3
1016 2978 1166 3036 quae
1209 2960 1408 3017 omnia
1449 2958 1566 3017 fere
1611 2958 1790 3017 Gallis
1833 2967 1996 3016 erant
2036 2958 2350 3034 incognita.
2437 2962 2496 3019 N
2503 2979 2560 3021 e-

554 3071 668 3128 que
707 3051 863 3110 enim
898 3061 1113 3109 temere
1148 3060 1373 3125 praeter
1413 3060 1764 3108 mercatores
1804 3049 1900 3107 illo
1940 3048 2061 3108 adit
2098 3050 2427 3125 quisquam,
2457 3070 2564 3112 ne-

553 3162 667 3219 que
710 3143 779 3201 iis
820 3142 957 3217 ipsis
999 3140 1311 3215 quicquam
1356 3150 1584 3214 praeter
1627 3158 1788 3199 oram
1839 3141 2185 3198 maritimam
2236 3152 2415 3217 atque
2461 3162 2562 3202 eas

465 3269 529 3321 30
553 3235 838 3310 regioneS,
868 3250 1017 3316 quae
1047 3240 1179 3289 sunt
1216 3240 1419 3289 contra
1448 3231 1680 3303 Gallias,
1710 3241 1916 3289 notum
1955 3242 2061 3290 est.
2149 3234 2357 3307 Itaque
2385 3252 2561 3293 voca-

553 3329 625 3387 tis
666 3326 743 3386 ad
781 3345 843 3385 se
878 3325 1136 3400 undique
1180 3325 1614 3396 mercatoribuS,
1653 3342 1846 3400 neque
1889 3336 2108 3402 quanta
2147 3337 2300 3385 esset
2339 3328 2564 3387 insulae

555 3416 913 3495 magnitudO,
942 3434 1135 3491 neque
1175 3434 1325 3491 quae
1355 3424 1456 3473 aut
1493 3424 1746 3490 quantae
1787 3418 2050 3475 nationes
2086 3417 2428 3491 incolerent,
2459 3438 2560 3479 ne·

556 3530 670 3590 que
701 3530 877 3587 quem
905 3528 1072 3569 usum
1102 3510 1233 3568 belli
1264 3509 1545 3568 haberent
1573 3518 1673 3567 aut
1706 3510 1915 3583 quibus
1944 3511 2212 3569 institutis
2244 3521 2562 3584 uterentur,

556 3621 748 3677 neque
791 3602 892 3677 qui
932 3609 1126 3659 essent
1162 3599 1240 3657 ad
1283 3600 1568 3657 maiorum
1613 3600 1842 3657 navium
1887 3600 2316 3660 multitudinem
2359 3604 2564 3664 idonei

472 3714 532 3764 35
556 3702 775 3765 portuS‚
816 3692 1063 3764 reperire
1114 3699 1357 3764 poterat.

639 3781 802 3836 XXI.
846 3780 938 3835 Ad
966 3781 1112 3836 haee
1142 3778 1574 3852 cognoscenda,
1605 3780 1940 3855 priusquam
1975 3781 2294 3855 periculum
2325 3785 2563 3859 faceret,

2743 3 2754 294 1

2743 315 2754 588 1

2743 611 2754 854 1

2745 861 2754 1110 1

2741 1127 2754 1414 1

2741 1425 2754 1744 1

2746 1747 2754 1978 1

2747 1979 2754 2243 1

2743 2256 2754 2549 1

2745 2552 2754 2813 1

2745 2826 2754 3101 1

2747 3114 2754 3377 1

2752 3490 2753 3571 1

2747 3642 2754 3685 ⁴
