2796 4207
763 241 909 293 LIB.
949 239 1053 292 VI.
1099 239 1267 293 CAP.
1306 238 1897 291 XXXIII-XXXVI.
2239 220 2364 285 165

258 401 403 460 dine
453 400 801 459 circumfusa
840 416 948 474 pro
991 399 1090 457 tali
1131 398 1388 456 facinore
1433 398 1602 474 stirps
1643 416 1714 456 ac
1757 416 1979 457 nomen
2031 400 2278 459 civitatis

256 492 509 552 tollatur.
596 492 847 567 Magnus
874 488 1137 564 undique
1167 507 1444 548 numerus
1473 489 1739 548 celeriter
1765 491 2061 549 convenit.

273 641 635 697 Meanwhile
659 640 749 696 tlte
774 642 1087 713 Sugambri
1105 641 1297 695 attach
1326 641 1374 694 C
1371 642 1562 694 icero’s
1585 647 1763 713 camp,
1799 644 2260 715 unsuccessfully.

341 768 579 825 XXXV.
630 768 803 825 Haec
829 766 892 823 in
919 765 1193 824 omnibus
1224 765 1568 826 Eburonum
1614 771 1874 845 partibus
1912 773 2280 849 gerebantur,

256 858 508 934 diesque
550 858 867 935 appetebat
906 857 1208 934 septimuS,
1251 875 1431 933 quem
1474 858 1552 917 ad
1595 860 1754 920 diem
1794 864 2012 924 Caesar
2053 865 2131 924 ad
2172 866 2277 924 im-

255 949 603 1025 pedimenta
635 949 1046 1024 legionemque
1087 950 1294 1006 reverti
1336 952 1733 1012 constituerat.
1825 957 1964 1031 Hie,
1997 968 2281 1033 quantum
2313 980 2340 1033 5

258 1042 323 1098 in
379 1040 533 1099 bello
582 1041 814 1098 fortuna
866 1040 1048 1115 possit
1098 1049 1158 1097 et
1207 1051 1460 1116 quantos
1522 1044 1720 1104 afferat
1773 1066 1959 1121 casus,
2001 1049 2284 1125 cognosci

258 1131 471 1207 potuit.
560 1131 869 1206 Dissipatis
896 1149 966 1188 ac
997 1132 1309 1207 perterritis
1340 1132 1620 1207 hostibuS,
1651 1148 1714 1196 ut
1737 1138 2281 1214 demonstravimuS‚

259 1241 471 1281 manus
502 1232 624 1280 erat
652 1221 825 1294 nulla,
851 1239 1000 1296 quae
1032 1239 1271 1297 parvam
1302 1224 1487 1283 modo
1519 1246 1755 1285 causam
1786 1230 2006 1289 timoris
2037 1230 2282 1289 afferret.

260 1315 451 1372 Trans
480 1314 759 1372 Rhenum
787 1312 868 1371 ad
898 1314 1226 1373 Germanos
1266 1318 1532 1392 pervenit
1572 1319 1744 1391 fama,
1775 1319 1947 1398 diripi
1978 1323 2284 1380 Eburones

261 1416 442 1482 atque
494 1406 645 1465 ultro
694 1425 901 1465 omnes
954 1406 1029 1464 ad
1076 1406 1356 1482 praedam
1405 1412 1653 1469 evocari.
1740 1412 1978 1488 Cogunt
2022 1414 2286 1489 equitum
2316 1439 2374 1476 10

262 1498 389 1557 duo
433 1498 591 1556 milia
631 1498 951 1573 Sugambri,
993 1498 1095 1573 qui
1138 1508 1273 1556 sunt
1315 1501 1566 1575 proximi
1599 1502 1833 1576 Rheno,
1863 1523 1898 1561 a
1944 1504 2153 1579 quibus
2196 1522 2282 1561 re-

262 1600 474 1666 ceptos
494 1601 502 1609 ·
522 1608 598 1648 ex
642 1590 777 1666 fuga
818 1592 1145 1649 Tencteros
1198 1602 1374 1666 atque
1419 1593 1693 1669 Usipetes
1744 1613 1916 1671 supra
1958 1594 2285 1653 docuimus.

261 1682 600 1740 Transeunt
628 1682 909 1739 Rhenum
953 1682 1198 1740 navibus
1236 1682 1570 1760 ratibusque
1615 1686 1845 1761 triginta
1886 1686 2114 1745 milibus
2155 1703 2286 1761 pas-

265 1790 441 1831 suum
468 1772 615 1830 infra
642 1789 780 1830 eum
809 1772 1022 1847 locum,
1048 1773 1149 1831 ubi
1170 1791 1321 1849 pons
1344 1784 1468 1832 erat
1496 1776 1785 1850 perfectus
1815 1775 2286 1853 praesidiumque

264 1864 343 1923 ab
366 1863 621 1922 Caesare
644 1863 908 1922 relictum
930 1885 946 1936 3
994 1865 1215 1939 primos
1244 1866 1588 1924 Eburonum
1613 1867 1760 1926 fines
1781 1866 2003 1926 adeunt
2022 1888 2040 1941 ς
2077 1867 2288 1925 multos
2319 1885 2376 1939 15

265 1974 341 2014 ex
386 1956 526 2031 fuga
574 1955 868 2032 dispersos
916 1951 1232 2031 excipiunt,
1276 1976 1492 2033 magno
1537 1959 1767 2034 pecoris
1815 1977 2079 2032 numero,
2125 1958 2288 2017 cuius

266 2059 405 2110 sunt
446 2048 810 2125 cupidissimi
846 2048 1091 2119 barbari,
1124 2049 1441 2125 potiuntur.
1529 2050 1758 2110 Invitati
1801 2050 2021 2128 praeda
2060 2050 2288 2127 longius

267 2140 621 2218 procedunt.
714 2143 854 2199 Non
886 2140 995 2199 hos
1024 2139 1189 2216 palus
1219 2141 1279 2199 in
1308 2140 1464 2199 bello
1491 2141 1921 2219 latrociniisque
1950 2153 2137 2216 natOS,
2166 2161 2289 2202 non

268 2237 447 2295 silvae
481 2245 793 2295 morantur.
868 2234 1097 2308 Quibus
1129 2233 1188 2290 in
1216 2234 1361 2291 locis
1389 2233 1464 2290 sit
1487 2235 1721 2308 Caesar,
1745 2253 1818 2294 ex
1847 2236 2088 2311 captivis
2116 2253 2290 2311 quae·

268 2339 405 2389 runt
428 2350 445 2401 3
491 2329 820 2404 profectum
851 2326 1077 2401 longius
1106 2325 1405 2400 reperiunt
1434 2343 1792 2402 omnemque
1825 2327 2144 2385 exercitum
2172 2326 2287 2386 dis·
2317 2343 2377 2380 20

269 2421 516 2480 cessisse
568 2427 957 2494 cognoscunt.
1043 2418 1235 2492 Atque
1286 2434 1437 2474 unus
1487 2435 1560 2474 ex
1600 2418 1860 2492 captivis,
1905 2421 1922 2448 ‘
1941 2416 2103 2492 Quid
2143 2420 2286 2490 VOS,'

272 2512 483 2588 inquit,
516 2515 531 2542 ‘
554 2511 706 2569 hanc
736 2511 1005 2569 miseram
1034 2527 1105 2567 ac
1134 2519 1375 2566 tenuem
1409 2508 1712 2566 sectamini
1751 2507 2048 2584 praedam,
2078 2508 2290 2585 quibus

268 2606 409 2665 licet
470 2605 586 2665 iam
647 2624 774 2664 esse
832 2599 1292 2661 fortunatissimis
1306 2600 1335 2657 Ρ
1445 2599 1654 2658 Tribus
1710 2598 1864 2658 horis
1921 2599 2288 2659 Aduatucam

274 2699 475 2758 venire
521 2699 803 2775 potestis:
859 2696 973 2754 huc
1016 2712 1223 2754 omnes
1267 2711 1400 2750 suas
1442 2691 1698 2750 fortunas
1739 2692 2026 2750 exercitus
2067 2692 2286 2749 Roma·

274 2809 487 2848 norum
536 2790 820 2861 contulit3
865 2786 1136 2864 praesidii
1179 2795 1408 2843 tantum
1452 2793 1555 2855 est,
1597 2793 1662 2840 ut
1695 2801 1770 2840 ne
1809 2801 2006 2842 murus
2047 2781 2286 2858 quidem
2317 2799 2374 2852 25

274 2881 429 2956 cingi
458 2881 659 2956 possit,
681 2898 876 2956 neque
900 2880 1207 2955 quisquam
1238 2874 1439 2952 egredi
1467 2885 1628 2933 extra
1656 2874 2006 2932 munitiones
2035 2872 2286 2932 audeat.'

274 2973 489 3032 Oblata
524 2990 629 3047 spe
669 2971 967 3041 Germani,
1009 2988 1186 3045 quam
1230 2968 1389 3026 nacti
1433 2976 1597 3024 erant
1637 2964 1935 3040 praedam,
1965 2965 2024 3022 in
2051 2963 2288 3023 occulto

272 3064 647 3139 relinquunt;
705 3063 815 3139 ipsi
863 3061 1232 3120 Aduatucam
1290 3057 1662 3118 contendunt
1711 3058 1798 3116 usi
1846 3055 2062 3116 eodem
2111 3054 2287 3128 duce,

275 3156 442 3215 cuius
470 3155 618 3213 haec
646 3154 868 3213 indicio
898 3162 1310 3229 cognoverant.

354 3245 632 3305 XXXVI.
677 3245 909 3316 Cicer0,
966 3243 1069 3318 qui
1131 3261 1337 3302 omnes
1394 3244 1723 3320 superiores
1778 3241 1905 3300 dies
1959 3239 2288 3317 praeceptis
2315 3261 2378 3315 30

276 3336 544 3398 Caesaris
594 3355 727 3394 cum
780 3353 1009 3394 summa
1057 3333 1352 3409 diligentia
1403 3335 1612 3394 milites
1663 3336 1724 3394 in
1774 3333 1972 3393 castris
2017 3331 2285 3391 continu·

276 3430 414 3488 isset
457 3447 529 3487 ac
570 3446 646 3486 ne
688 3427 957 3485 calonem
999 3425 1239 3501 quidem
1286 3445 1644 3504 quemquam
1689 3437 1851 3486 extra
1897 3425 2288 3485 munitionem

275 3518 481 3594 egredi
509 3535 711 3594 passus
746 3527 916 3590 esset,
947 3516 1199 3591 septimo
1226 3515 1341 3588 die,
1373 3516 1646 3576 diffidens
1677 3518 1754 3577 de
1785 3537 2031 3577 numero
2060 3514 2286 3574 dierum

278 3611 594 3670 Caesarem
624 3607 805 3667 fidem
834 3617 1207 3679 servaturum,
1237 3607 1403 3684 quod
1430 3608 1656 3684 longius
1685 3628 2055 3686 progressum
2086 3605 2284 3667 audie·

278 3701 379 3760 bat
404 3717 601 3775 neque
630 3699 747 3758 ulla
777 3697 853 3757 de
891 3697 1081 3757 reditu
1120 3698 1243 3757 eius
1281 3699 1438 3756 fama
1477 3698 1836 3773 afferebatur,
1867 3700 2038 3759 simul
2081 3716 2285 3759 eorum
2313 3726 2378 3781 35

280 3800 578 3867 permotus
620 3788 881 3859 vocibuS,
924 3787 1026 3863 qui
1067 3787 1217 3846 illius
1255 3788 1595 3862 patientiam
1641 3807 1829 3864 paene
1881 3791 2284 3849 obsessionem
