2796 4207
912 256 1059 311 ΜΒ.
1103 256 1173 309 v.
1220 256 1389 310 cAP.
1433 256 1800 309 xx-xxlv.
2277 232 2403 298 133

304 416 647 475 Atrebatem
702 417 1038 477 Commium
1099 417 1175 477 de
1239 416 1545 477 deditione
1577 488 1584 495 ,
1613 415 1692 476 ad
1745 416 2058 477 Caesarem
2122 413 2315 473 mittit.

301 509 542 580 Caesar,
572 526 710 567 cum
755 508 1146 568 constituisset
1188 507 1444 567 hiemare
1483 507 1546 565 in
1583 506 1908 565 continenti
1949 514 2188 583 propter
2226 521 2313 563 re-

300 599 580 675 pentinos
622 599 845 659 Galliae
895 608 1109 671 motus,
1154 615 1347 673 neque
1396 596 1643 656 multum
1689 597 1920 656 aestatis
1968 604 2315 671 superesset,

299 699 482 765 atque
511 688 573 748 id
612 689 779 748 facile
824 689 1045 748 extrahi
1084 707 1259 765 posse
1301 689 1678 765 intellegeret,
1709 686 1945 747 obsides
1982 687 2228 763 imperat
2256 694 2316 743 et

300 780 451 855 quid
491 780 552 838 in
591 798 779 839 annos
821 780 1077 856 singulos
1113 780 1406 855 vectigalis
1451 779 1672 855 populo
1715 780 1990 837 Romano
2020 776 2314 835 Britannia
2343 784 2372 838 5

299 869 607 946 penderet,
638 871 977 944 constituit3
1018 869 1311 929 interdicit
1353 879 1530 945 atque
1571 870 1819 945 imperat
1857 866 2310 939 CassivellaunO,

299 979 377 1019 ne
410 962 840 1021 Mandubracio
869 979 985 1020 neu
1013 961 1466 1021 Trinobantibus
1493 969 1722 1018 noceat.

379 1052 614 1111 XXIII.
662 1053 982 1113 Obsidibus
1037 1053 1295 1128 acceptis
1351 1052 1672 1110 exercitum
1728 1048 1956 1107 reducit
2003 1046 2080 1107 ad
2129 1064 2309 1120 mare,

296 1162 478 1203 naves
522 1145 741 1203 invenit
787 1144 1047 1202 refectas.
1136 1144 1250 1202 His
1295 1141 1585 1213 deductiS,
1637 1139 1801 1217 quod
1848 1149 1908 1198 et
1947 1138 2309 1215 captivorum

297 1254 581 1311 magnum
623 1254 931 1294 numerum
975 1234 1227 1293 habebat
1256 1244 1315 1293 et
1344 1232 1659 1292 nonnullae
1689 1239 2035 1307 tempestate
2079 1227 2305 1305 deperi·
2337 1246 2398 1283 ιο

296 1335 465 1384 erant
512 1343 707 1398 naveS,
758 1325 989 1385 duobus
1039 1324 1467 1383 commeatibus
1515 1322 1835 1381 exercitum
1882 1329 2176 1396 reportare
2219 1319 2305 1377 in-

296 1416 498 1475 stituit.
582 1418 670 1475 Ac
725 1417 809 1475 sic
863 1415 1095 1485 accidit,
1152 1415 1236 1474 uti
1290 1432 1364 1472 ex
1418 1422 1583 1473 tanto
1635 1412 1871 1471 navium
1925 1428 2173 1470 numero
2221 1418 2308 1468 tot

294 1507 762 1583 navigationibus
801 1525 993 1583 neque
1032 1506 1150 1565 hoc
1187 1523 1382 1581 neque
1411 1505 1705 1580 superiore
1735 1520 1892 1566 anno
1919 1502 2037 1561 ulla
2062 1501 2306 1560 omnino

294 1598 478 1669 naviS,
530 1615 680 1673 quae
725 1598 933 1656 milites
978 1606 1250 1673 portaret,
1301 1594 1744 1668 desideraretur,
1790 1604 1850 1653 at
1898 1612 1973 1652 ex
2021 1593 2106 1666 iis,
2153 1609 2304 1668 quae

292 1691 501 1749 inanes
544 1709 618 1750 ex
658 1692 979 1751 continenti
1018 1690 1095 1749 ad
1136 1709 1273 1750 eum
1313 1690 1759 1762 remitterentur,
1797 1699 1857 1748 et
1893 1688 2098 1764 prioris
2141 1705 2301 1745 com·
2336 1705 2391 1760 ις

294 1791 524 1841 meatus
567 1783 842 1859 expositis
884 1783 1157 1842 militibus
1186 1792 1246 1841 et
1273 1800 1419 1857 quas
1446 1790 1655 1857 postea
1685 1780 1978 1840 Labienus
2007 1776 2304 1838 faciendas

293 1883 597 1932 curaverat
642 1892 887 1947 nurnero
936 1890 1031 1945 Lx,
1079 1890 1411 1950 perpaucae
1459 1872 1657 1931 locum
1701 1880 1998 1946 caperent,
2047 1869 2302 1944 reliquae

292 1964 415 2022 fere
445 1982 653 2024 omnes
678 1966 1046 2024 reicerentur.
1119 1966 1282 2040 Quas
1310 1983 1449 2023 cum
1477 1963 1834 2039 aliquamdiu
1859 1962 2074 2022 Caesar
2100 1961 2305 2020 frustra

293 2064 709 2132 exspectasset,
758 2073 834 2115 ne
874 2056 1013 2115 anni
1066 2066 1332 2133 tempore
1382 2074 1418 2113 a
1465 2054 1836 2131 navigatione
1878 2051 2300 2124 excluderetur,

292 2145 461 2222 quod
489 2148 921 2222 aequinoctium
950 2149 1201 2219 suberat,
1232 2147 1563 2206 necessario
1601 2145 1898 2221 angustius
1939 2145 2149 2204 milites
2183 2144 2300 2202 col·
2329 2157 2390 2196 20

290 2238 509 2296 locavit
538 2256 625 2310 ae,
655 2227 881 2297 sumnia
907 2239 1312 2315 tranquillitate
1344 2247 1683 2310 consecuta,
1707 2235 1970 2296 secunda
1997 2236 2138 2294 inita
2164 2253 2301 2293 cum

291 2328 559 2388 solesset
578 2330 786 2406 vigilia,
808 2331 994 2406 prima
1020 2330 1152 2388 luce
1182 2339 1392 2388 terram
1423 2328 1610 2405 attigit
1631 2345 1956 2403 omnesque
1979 2327 2302 2387 incolumes

289 2437 474 2506 naves
502 2418 790 2495 perduxit.

307 2593 502 2649 Graiu
525 2594 688 2667 being
704 2611 902 2663 scarce,
933 2595 1263 2668 Caesarfor
1282 2597 1375 2653 the
1398 2597 1611 2652 winter
1630 2596 1854 2652 divides
1877 2599 1958 2666 up
1980 2595 2072 2652 Itis
2094 2614 2277 2668 army.

840 2678 958 2730 His
964 2679 1179 2748 fh’end
1202 2679 1500 2750 Tasgetius
1522 2679 1575 2732 is
1596 2678 1768 2733 slain.

372 2824 592 2883 XXIV.
634 2823 947 2884 Subductis
987 2826 1229 2885 navibus
1279 2827 1650 2903 concilioque
1693 2827 1994 2887 Gallorum
2037 2826 2298 2886 Samaro-

290 2917 489 2976 brivae
530 2925 791 2993 peract0,
833 2915 997 2991 quod
1030 2933 1105 2975 eo
1146 2935 1303 2976 anno
1345 2919 1698 2977 frumentum
1735 2919 1798 2976 in
1835 2919 2023 2979 Gallia
2063 2927 2300 2994 propter
2329 2935 2386 2984 25

290 3007 585 3067 siccitates
625 3008 920 3083 angustius
961 3019 1325 3084 provenerat,
1355 3020 1596 3068 coactus
1637 3018 1727 3068 est
1763 3009 1927 3068 aliter
1968 3026 2038 3067 ac
2080 3008 2298 3083 superi-

290 3099 490 3158 oribus
531 3098 699 3157 annis
739 3097 1059 3156 exercitum
1097 3099 1158 3157 in
1196 3098 1451 3158 hibernis
1492 3099 1780 3159 collocare
1821 3099 2197 3176 legionesque
2239 3098 2299 3154 in

288 3188 486 3265 plures
533 3188 797 3248 civitates
841 3188 1202 3249 distribuere.
1289 3191 1381 3248 Ex
1430 3190 1638 3264 quibus
1693 3209 1872 3248 unam
1921 3190 1981 3247 in
2030 3189 2298 3248 Morinos

289 3278 630 3340 ducendam
686 3281 839 3340 Gaio
898 3281 1081 3341 Fabio
1142 3280 1335 3356 legato
1401 3279 1583 3353 dedit,
1639 3281 1876 3340 alteram
1932 3280 1992 3339 in
2049 3279 2298 3339 Nervios

290 3372 518 3447 Quinto
548 3371 841 3444 Ciceroni,
872 3372 1100 3430 tertiam
1143 3371 1203 3428 in
1233 3371 1486 3430 Esubios
1516 3371 1700 3430 Lucio
1731 3371 1951 3429 Roscio
1973 3390 1990 3444 ;
2033 3379 2298 3446 quartam
2321 3389 2387 3441 30

288 3463 349 3520 in
377 3462 586 3522 Remis
615 3480 753 3520 cum
781 3463 919 3520 Tito
949 3461 1211 3521 Labieno
1240 3461 1300 3519 in
1328 3461 1588 3520 confinio
1615 3462 2002 3521 Treverorum
2040 3461 2296 3519 hiemare

287 3553 489 3627 iussit3
534 3563 651 3612 tres
687 3552 747 3611 in
777 3553 967 3628 Belgis
1010 3552 1318 3610 collocavit
1338 3573 1356 3625 3
1400 3550 1488 3610 his
1517 3553 1786 3610 Marcum
1815 3552 2090 3612 Crassum
2118 3558 2293 3625 qu'ae-

285 3656 507 3705 storem
550 3653 613 3704 et
641 3644 889 3702 Lucium
926 3642 1259 3702 Munatium
1296 3641 1578 3700 Plancum
1607 3651 1666 3701 et
1693 3643 1908 3702 Gaium
1935 3642 2296 3701 Trebonium

280 3738 509 3814 legatos
566 3733 864 3811 praefecit.
964 3733 1165 3793 Unam
1219 3732 1530 3807 legionem,
1587 3750 1766 3807 quam
1819 3732 2086 3808 proxime
2141 3741 2296 3790 trans

279 3828 517 3890 Padum
568 3824 1009 3900 conscripserat,
1055 3833 1115 3882 et
1158 3821 1432 3881 cohortes
1479 3839 1517 3880 v
1565 3823 1626 3880 in
1671 3823 1995 3894 Eburones,
2046 3839 2296 3897 quorum
2323 3835 2386 3887 35
