2796 4207
28 6 341 243 ss
489 18 497 27 1
1535 6 1976 81 xxv}

204 115 239 148 l

120 148 204 245 ...s
402 174 485 238 52
1044 189 1154 241 DE
1209 190 1463 245 BELLo
1516 193 1860 250 GALL1co
1948 212 1953 219 ·

70 256 108 292 f
2748 258 2765 293 Ἰ

30 307 62 342 s
2326 314 2332 320 .

486 354 594 413 iter
633 352 696 411 in
735 351 1068 412 ulteriorem
1111 352 1359 411 Galliam
1401 371 1508 430 per
1534 356 1713 432 Alpes
1743 367 1879 431 erat,
1922 376 2059 415 cum
2101 358 2189 417 his
2232 361 2497 437 quinque

484 443 810 521 legionibus
837 443 917 503 ire
947 443 1266 503 contendit.
1339 444 1433 503 Ibi
1462 444 1788 507 Ceutrones
1817 457 1877 507 et
1905 449 2196 508 Graioceli
2228 460 2286 509 et
2316 452 2487 512 Catu-

482 536 633 611 riges
659 534 804 593 locis
833 534 1222 610 superioribus
1251 537 1555 611 occupatis
1588 537 1792 597 itinere
1828 541 2147 598 exercitum
2182 542 2493 617 prohibere

482 634 786 686 conantur.
859 624 1270 701 Compluribus
1299 626 1386 684 his
1414 628 1647 701 proeliis
1668 629 1865 703 pulsiS‚
1885 629 1960 688 ab
1985 629 2193 704 Ocelo,
2218 633 2381 709 quod
2403 645 2493 694 est

397 736 423 789 5
482 716 760 776 citerioris
788 716 1122 791 provinciae
1151 725 1495 789 extremum,
1526 717 1587 775 in
1615 718 1761 777 fines
1789 721 2218 781 Vocontiorum
2256 724 2487 784 ulterio-

479 810 555 867 ris
584 807 918 883 provinciae
941 806 1037 865 die
1059 808 1311 882 septimo
1332 809 1597 884 pervenit
1617 829 1635 881 3
1670 808 1811 867 inde
1836 810 1895 867 in
1916 808 2293 889 Allobrogum
2322 815 2487 889 fines,
2754 816 2765 855 l

480 899 555 959 ab
583 897 988 975 Allobrogibus
1010 898 1070 957 in
1091 898 1458 973 Segusiavos
1492 898 1776 959 xercitum
1806 900 1985 961 ducit.
2061 904 2145 962 Hi
2175 914 2308 963 sunt
2330 916 2489 965 extra

479 988 839 1066 provinciam
865 997 1018 1047 trans
1048 916 1627 1065 Rhodanurnsgrimi.

557 1081 664 1139 XI.
711 1080 970 1139 Helvetii
1007 1080 1122 1139 iam
1161 1098 1265 1156 per
1302 1082 1595 1157 angustias
1638 1092 1699 1141 et
1734 1083 1883 1143 fines
1920 1085 2321 1160 Sequanorum
2354 1106 2485 1147 suas

395 1196 454 1233 10
478 1172 679 1249 copias
707 1171 1097 1243 traduxerant,
1125 1181 1186 1231 et
1211 1171 1271 1229 in
1300 1171 1641 1231 Aeduorum
1671 1173 1819 1233 fines
1847 1187 2231 1251 pervenerant
2256 1195 2484 1237 eorum-

478 1280 592 1337 que
631 1280 799 1339 agros
841 1261 1286 1338 populabantur.
1368 1261 1581 1335 Aedui,
1610 1282 1749 1323 cum
1782 1284 1844 1324 se
1880 1284 2099 1341 suaque
2142 1268 2216 1328 ab
2254 1270 2337 1329 eis
2378 1269 2481 1329 de-

476 1352 717 1413 fendere
751 1371 874 1412 non
918 1362 1175 1429 possent,
1210 1353 1431 1429 legatos
1470 1353 1549 1413 ad
1588 1354 1900 1415 Caesarem
1947 1358 2181 1416 mittunt
2217 1371 2482 1435 rogatum

475 1445 786 1503 auxilium:
825 1445 925 1503 'Ita
951 1462 1014 1503 se
1052 1444 1214 1503 omni
1248 1454 1514 1520 tempore
1558 1446 1635 1505 de
1676 1448 1899 1524 populo
1928 1449 2203 1508 Romano
2245 1452 2481 1511 meritos

476 1554 623 1608 esse,
641 1546 706 1595 ut
733 1552 924 1613 paene
951 1536 1012 1593 in
1041 1545 1366 1611 conspectu
1397 1538 1683 1597 exercitus
1712 1539 1890 1598 nostri
1918 1539 2040 1615 agri
2066 1541 2290 1613 vastari,
2319 1542 2483 1601 liberi

392 1652 448 1707 15
475 1644 677 1687 eorum
723 1626 784 1685 in
830 1626 1161 1685 servitutem
1205 1625 1440 1699 abduci,
1476 1627 1699 1703 oppida
1734 1630 2051 1706 expugnari
2094 1642 2215 1689 non
2240 1631 2541 1713 debir-eg>

473 1718 602 1777 rint.
691 1716 922 1776 Eodem
961 1726 1228 1793 tempore
1271 1718 1464 1777 Aedui
1524 1720 1807 1794 Ambarri,
1860 1721 2168 1780 necessarii
2222 1732 2282 1781 et
2337 1742 2478 1782 con·
2762 1738 2764 1841 1

473 1804 793 1885 sanguinei*
802 1808 1162 1881 Aeduorum,
1195 1810 1510 1869 Caesarem
1539 1812 1847 1871 certiorem
1874 1812 2112 1885 faciunt,
2136 1831 2264 1873 sese
2293 1813 2476 1890 depo-

471 1900 680 1977 pulatis
720 1900 869 1977 agris
910 1918 1034 1959 non
1082 1900 1247 1959 facile
1294 1901 1371 1961 ab
1414 1901 1649 1977 oppidis
1675 1903 1807 1960 'Vim
1853 1902 2107 1963 hostium
2150 1904 2473 1979 prohibere.

474 1994 628 2052 Item
676 1992 1037 2069 AllobrogeS,
1082 1992 1183 2068 qui
1232 2002 1387 2051 trans
1438 1992 1797 2053 Rhodanum
1844 1995 2005 2053 vicos
2053 1996 2476 2070 possessiones-

385 2113 448 2151 20
471 2105 588 2164 que
633 2085 945 2158 habebant,
992 2085 1128 2162 fuga
1183 2102 1245 2144 se
1293 2083 1373 2144 ad
1423 2084 1733 2145 Caesarem
1774 2086 2081 2163 recipiunt,
2128 2095 2186 2145 et
2230 2085 2474 2147 demon-

471 2188 669 2250 strant,
717 2178 824 2238 sibi
865 2186 1094 2253 praeter
1141 2175 1262 2252 agri
1301 2176 1491 2234 solum
1544 2176 1688 2235 nihil
1742 2195 1869 2236 esse
1926 2178 2148 2253 reliqui.
2249 2179 2477 2252 Quibus

101 2255 196 2334 β’
471 2269 642 2330 rebus
682 2267 972 2328 adductus
1015 2268 1229 2328 Caesar
1259 2285 1380 2327 non
1421 2266 1880 2342 exspectandum
1930 2268 2039 2326 sibi
2084 2269 2296 2340 statuit,
2332 2267 2474 2328 dum

470 2360 742 2420 omnibus
775 2359 1016 2419 fortunis
1061 2358 1353 2420 sociorum
1398 2358 1762 2434 consumptis
1804 2358 1865 2416 in
1900 2358 2187 2417 Santonos
2218 2359 2475 2419 Helvetii

468 2451 854 2528 pervenirent.

509 2640 721 2695 Caesar
741 2647 864 2695 cuts
888 2646 943 2694 to
959 2640 1140 2710 pisces
1163 2655 1265 2693 one
1290 2637 1541 2692 division
1568 2638 1642 2707 of
1652 2634 1743 2690 tlte
1766 2635 2030 2690 Helvetii
2048 2636 2113 2705 by
2137 2635 2228 2691 the
2252 2635 2433 2691 Arar.

841 2727 953 2781 The
977 2735 1092 2782 rest
1111 2726 1258 2782 send
1273 2726 1525 2796 deputies
1550 2731 1605 2778 to
1631 2729 1784 2778 trent
1804 2723 1947 2778 with
1972 2723 2113 2778 him.

381 2879 442 2933 ²5
547 2870 686 2930 XII.
735 2867 981 2928 Flumen
1009 2879 1097 2928 est
1123 2871 1283 2941 Arar,
1307 2866 1472 2944 quod
1502 2883 1608 2943 per
1629 2866 1776 2924 fines
1800 2865 2137 2924 Aeduorum
2165 2875 2225 2924 et
2252 2867 2468 2942 Sequa-

467 2981 674 3022 norum
704 2961 766 3020 in
795 2960 1153 3020 Rhodanum
1182 2960 1386 3032 influit,
1417 2958 1743 3018 incredibili
1772 2957 2026 3031 lenitate,
2058 2957 2136 3014 ita
2167 2967 2231 3016 ut
2266 2957 2468 3030 ocuIiS,

465 3055 526 3112 in
553 3063 743 3112 utram
777 3061 1003 3128 partem
1032 3051 1186 3124 fluat,
1217 3049 1460 3110 iudicari
1494 3069 1616 3108 non
1653 3049 1854 3125 possit.
1943 3047 2016 3107 Id
2046 3048 2304 3106 Helvetii
2336 3047 2467 3106 rati-

464 3144 574 3203 bus
619 3162 688 3202 ac
742 3142 1004 3202 lintribus
1058 3143 1267 3201 iunctis
1321 3141 1658 3200 transibant.
1743 3140 1861 3201 Ubi
1916 3157 2022 3216 per
2076 3139 2467 3215 exploratores

465 3235 684 3294 Caesar
716 3233 926 3292 certior
964 3233 1146 3292 factus
1175 3242 1279 3304 est,
1301 3241 1425 3291 tres
1453 3233 1568 3290 iam
1606 3241 1799 3308 partes
1829 3231 2130 3308 copiarum
2162 3228 2467 3288 Helvetios

368 3341 442 3396 30
465 3325 528 3386 id
588 3326 807 3384 flumen
866 3323 1204 3397 traduxisse,
1262 3333 1526 3399 quartam
1583 3324 1701 3382 fere
1764 3333 1991 3400 partem
2050 3322 2193 3381 citra
2248 3321 2467 3382 flumen

466 3414 690 3481 Ararim
731 3415 1013 3491 reliquam
1055 3433 1200 3486 esse,
1231 3413 1308 3473 de
1341 3414 1509 3472 tertia
1539 3411 1731 3490 vigilia
1758 3433 1897 3474 cum
1932 3413 2259 3491 legionibus
2286 3411 2467 3472 tribus

467 3526 500 3566 e
539 3507 738 3566 castris
781 3506 1074 3583 profectus
1119 3504 1195 3563 ad
1241 3523 1372 3563 eam
1416 3514 1641 3580 partem
1686 3507 1967 3581 pervenit,
2004 3523 2155 3582 quae
2198 3501 2525 3564 nondum*

467 3599 687 3658 flumen
723 3597 1039 3656 transierat.
1127 3597 1248 3655 Eos
1287 3594 1605 3679 impeditos
1649 3605 1707 3654 et
1751 3596 2119 3672 inopinantes
2164 3611 2467 3674 aggressus

467 3708 740 3765 magnam
776 3697 1000 3764 partem
1029 3704 1234 3746 eorum
1263 3686 1560 3758 concidit5
1604 3686 1807 3761 reliqui
1847 3705 1973 3746 sese
2009 3688 2179 3764 fugae
2222 3685 2463 3748 manda-

383 3795 443 3848 35
468 3788 601 3838 runt
627 3787 804 3854 atque
830 3778 892 3836 in
919 3777 1210 3852 proximas
1237 3775 1405 3835 silvas
1433 3775 1799 3836 abdiderunt.
1885 3779 1942 3834 Is
1985 3796 2166 3853 pagus
2208 3779 2463 3856 appella-

2526 3491 2629 3522 0⁵⁷¹
