2796 4207
463 244 543 309 96
1111 260 1220 313 DE
1273 260 1527 314 BELLO
1580 259 1924 312 GALLICO

551 425 628 495 Is,
660 420 824 498 quod
851 421 912 479 in
941 421 1030 480 his
1058 421 1200 479 locis
1229 422 1428 497 inopia
1449 420 1721 479 frumenti
1750 428 1889 491 erat,
1914 420 2239 495 praefectos
2268 421 2559 481 tribunos-

548 530 663 588 que
699 512 942 570 militum
985 512 1316 588 complures
1356 513 1417 569 in
1453 512 1725 570 finitimas
1766 510 2027 569 civitates
2068 510 2342 569 frumenti
2382 530 2562 571 causa

547 608 804 681 dimisit3
849 625 969 683 quo
997 608 1056 665 in
1085 624 1330 666 numero
1359 616 1449 665 est
1476 607 1529 664 T
1532 606 1643 664 itus
1670 603 2029 663 Terrasidius
2072 605 2278 664 missus
2316 607 2377 663 in
2408 608 2556 665 Esu-

548 698 693 769 bios,
719 698 956 755 Marcus
983 696 1228 755 Trebius
1257 696 1500 755 Gallus
1486 713 1548 754 m
1576 694 1970 767 Curiosolitas,
1996 694 2250 769 Quintus
2269 696 2555 755 Velanius

495 810 520 862 5
548 807 682 847 cum
710 788 848 846 Tito
875 787 1056 847 Silio
1041 806 1102 845 m
1129 788 1410 846 Venetos.
1856 816 1865 825 ·

624 880 801 938 VIII.
851 878 1046 936 Huius
1069 886 1157 936 est
1178 877 1423 935 civitatis
1445 878 1616 953 longe
1646 876 2000 952 amplissima
2026 876 2335 935 auctoritas
2364 879 2557 938 omnis

546 987 682 1028 orae
711 968 1032 1027 maritimae
1059 968 1360 1044 regionum
1391 986 1612 1039 earum,
1635 966 1797 1043 quod
1820 976 1877 1025 et
1898 984 2077 1025 naves
2106 966 2323 1026 habent
2342 969 2556 1029 Veneti

510 1132 516 1137 .
546 1060 836 1136 plurimaS,
877 1059 1088 1134 quibus
1130 1059 1190 1116 in
1233 1059 1589 1117 Britanniam
1630 1058 1897 1134 navigare
1940 1067 2312 1133 consuerunt,
2348 1068 2409 1117 et
2448 1060 2557 1118 sci-

546 1150 702 1210 entia
729 1159 904 1225 atque
944 1168 1050 1208 usu
1092 1150 1454 1208 nauticarum
1494 1167 1686 1207 rerum
1728 1149 1980 1224 reliquos
2020 1148 2377 1208 antecedunt
2404 1158 2465 1209 et
2492 1150 2556 1210 i’n

463 1270 521 1307 10
546 1259 760 1317 magno
790 1241 1012 1315 impetu
1041 1241 1213 1299 maris
1241 1248 1417 1317 atque
1447 1250 1669 1316 aperto,
1697 1240 1901 1315 paucis
1929 1238 2191 1315 portibus
2220 1240 2554 1313 interiectiS,

545 1349 694 1408 quos
739 1341 940 1390 tenent
988 1332 1116 1407 ipsi,
1166 1349 1372 1390 omnes
1421 1332 1559 1403 fere,
1603 1331 1701 1406 qui
1753 1348 1827 1389 eo
1870 1330 2013 1388 mari
2054 1330 2139 1389 uti
2179 1342 2552 1405 consuerunt,

546 1423 763 1482 habent
809 1422 1136 1497 vectigales.
1220 1422 1313 1481 Ab
1364 1420 1452 1481 his
1501 1422 1565 1480 fit
1610 1421 1837 1479 initium
1882 1420 2172 1480 retinendi
2214 1421 2332 1480 Silii
2376 1432 2554 1498 atque

543 1513 788 1585 Velanii‚
819 1511 981 1587 quod
1009 1530 1115 1589 per
1143 1530 1244 1571 eos
1273 1530 1411 1572 suos
1440 1530 1503 1571 se
1533 1510 1786 1584 obsideS,
1810 1528 1961 1585 quos
1988 1512 2201 1571 Crasso
2231 1511 2552 1585 dedissent,

545 1605 962 1681 reciperaturos
1007 1603 1428 1662 existimabant.
1516 1603 1748 1661 Horum
1792 1602 2135 1661 auctoritate
2178 1602 2407 1661 finitimi
2448 1604 2553 1662 ad-

462 1716 518 1769 15
545 1695 726 1767 ducti,
755 1704 818 1753 ut
856 1702 991 1752 sunt
1033 1693 1333 1753 Gallorum
1374 1693 1566 1753 subita
1607 1702 1667 1752 et
1708 1692 2013 1768 repentina
2051 1692 2312 1765 consilia,
2340 1694 2555 1753 eadem

546 1787 622 1846 de
651 1804 828 1845 causa
852 1785 1129 1843 Trebium
1152 1783 1663 1860 Terrasidiumque
1692 1784 1961 1858 retinent,
1987 1791 2044 1841 et
2074 1783 2336 1842 celeriter
2364 1786 2555 1844 missis

545 1878 746 1954 legatis
786 1894 892 1952 per
931 1893 1068 1934 suos
1109 1876 1403 1951 principes
1444 1877 1593 1935 inter
1630 1893 1709 1934 se.
1731 1875 2053 1947 coniurant,
2084 1874 2225 1933 nihil
2251 1876 2360 1933 nisi
2388 1894 2553 1934 com-

544 1968 707 2027 muni
734 1966 978 2026 consilio
1007 1976 1236 2026 acturos
1265 1964 1642 2042 eundemque
1670 1965 1863 2025 omnis
1884 1966 2148 2025 fortunae
2177 1967 2395 2025 exitum
2426 1985 2555 2027 esse

545 2061 776 2133 laturoS,
825 2058 1192 2135 reliquasque
1249 2057 1510 2118 civitates
1560 2056 1883 2131 sollicitant,
1932 2066 1998 2116 ut
2043 2057 2104 2117 in
2154 2076 2225 2117 ea
2270 2057 2553 2132 libertate,

460 2183 520 2220 20
547 2174 720 2232 quam
748 2173 785 2213 a
809 2154 1122 2213 maioribus
1162 2163 1531 2229 acceperant,
1561 2171 1903 2228 permanere
1940 2170 2119 2228 quam
2148 2153 2557 2211 Romanorum

470 2247 478 2256 ‘
547 2250 873 2309 servitutem
908 2248 1160 2325 perferre
1195 2247 1451 2307 mallent.
1536 2247 1718 2308 Omni
1748 2265 1850 2306 ora
1875 2245 2161 2307 maritima
2186 2247 2450 2306 celeriter
2476 2246 2557 2306 ad

547 2360 710 2402 suam
731 2341 1079 2400 sententiam
1099 2341 1386 2416 perducta
1405 2359 1785 2401 communem
1812 2341 2160 2418 legationem
2184 2339 2260 2400 ad
2284 2341 2555 2400 Publium

546 2434 816 2492 Crassum
843 2431 1097 2502 mittunt,
1119 2431 1167 2490 si
1187 2431 1327 2491 velit
1353 2451 1492 2491 suos
1518 2431 1797 2510 recipere,
1827 2431 2064 2493 obsides
2093 2431 2201 2492 sibi
2230 2432 2503 2490 remittat.

704 2630 753 2684 C
747 2647 915 2685 aes-ar
929 2635 1200 2702 preparas
1222 2638 1278 2686 to
1303 2648 1462 2704 wago
1484 2630 1802 2704 aggresst've
1824 2647 1955 2686 war
1974 2631 2209 2703 against
2230 2629 2393 2684 them.

623 2761 726 2818 IX.
771 2761 998 2836 Quibus
1027 2761 1103 2822 de
1132 2763 1304 2822 rebus
1327 2763 1547 2822 Caesar
1574 2763 1649 2823 ab
1678 2763 1889 2823 Crasso
1918 2761 2128 2821 certior
2154 2762 2355 2831 factuS,
2388 2758 2553 2834 quod

456 2875 481 2909 2
489 2875 515 2926 5
542 2851 666 2926 ipse
696 2851 894 2910 aberat
921 2853 1164 2928 longiuS,
1194 2872 1370 2913 naves
1410 2854 1641 2913 interim
1670 2855 1872 2931 longas
1901 2852 2195 2912 aedificari
2224 2851 2283 2909 in
2312 2850 2554 2909 flumine

544 2942 766 3016 Ligere‚
810 2941 973 3018 quod
1016 2943 1200 3002 influit
1242 2945 1302 3003 in
1346 2945 1674 3019 Oceanum,
1720 2946 1967 3022 remiges
2010 2963 2084 3002 ex
2125 2941 2425 3020 provincia
2466 2941 2551 2998 in-

543 3032 716 3104 stitui,
759 3043 964 3092 nautas
1005 3034 1537 3112 gubernatoresque
1580 3037 1905 3112 comparari
1955 3035 2131 3094 iubet.
2220 3033 2332 3091 His
2378 3032 2551 3090 rebus

542 3123 804 3182 celeriter
847 3123 1272 3196 administratis,
1316 3126 1461 3202 ipse,
1507 3147 1641 3186 cum
1694 3128 1943 3204 primum
1990 3145 2095 3202 per
2137 3125 2275 3183 anni
2320 3133 2551 3197 tempus

541 3216 748 3290 potuit,
804 3214 883 3274 ad
937 3215 1253 3275 exercitum
1311 3218 1634 3278 contendit.
1716 3219 1925 3277 Veneti
1983 3217 2354 3292 reliquaeque
2411 3214 2549 3271 item

453 3319 516 3371 30
543 3305 802 3365 civitates
845 3307 1084 3384 cognito
1127 3308 1390 3368 Caesaris
1434 3310 1707 3382 adventu,
1738 3311 1908 3370 simul
1949 3308 2129 3385 quod,
2166 3315 2447 3383 quantum
2492 3304 2550 3361 in

543 3415 604 3456 se
648 3397 872 3455 facinus
921 3397 1306 3472 admisissent,
1356 3401 1785 3476 intellegebant,
1834 3401 2073 3476 legatOS,
2124 3397 2285 3474 quod
2330 3413 2549 3454 nomen

543 3486 622 3546 ad
669 3505 877 3546 omnes
923 3488 1188 3547 nationes
1237 3501 1503 3549 sanctum
1554 3492 2004 3565 inviolatumque
2054 3507 2283 3564 semper
2330 3487 2548 3557 fuisset,

544 3586 800 3636 retentos
829 3579 904 3637 ab
925 3597 988 3637 se
1011 3589 1070 3637 et
1091 3579 1149 3637 in
1172 3580 1402 3639 vincula
1423 3582 1742 3652 coniectos,
1757 3598 1863 3656 pro
1886 3579 2286 3655 magnitudine
2308 3576 2550 3653 periculi

546 3667 762 3726 bellum
790 3687 990 3744 parare
1021 3679 1079 3728 et
1107 3671 1357 3730 maxime
1387 3690 1475 3744 ea,
1499 3690 1647 3747 quae
1677 3670 1752 3729 ad
1782 3689 1949 3729 usum
1979 3671 2210 3728 navium
2238 3667 2548 3744 pertinent,

460 3762 521 3814 35
547 3757 852 3833 providere
898 3760 1218 3832 instituunt,
1262 3762 1377 3820 hoc
1420 3762 1637 3820 maiore
1685 3779 1810 3836 spe,
1854 3758 2015 3834 quod
2060 3759 2302 3817 multum
2345 3764 2549 3814 natura

548 3847 664 3905 loci
708 3849 1100 3908 confidebant.
1191 3851 1486 3910 Pedestria
1526 3871 1653 3911 esse
1701 3852 1905 3910 itinera
1952 3850 2189 3909 concisa
2236 3847 2548 3919 aestuariis,
