2796 4207
81 2592 112 2599 —s

137 2610 261 2624 s-:st

885 243 1026 295 Lm.
1074 243 1117 294 1.
1163 243 1331 296 CAP.
1370 244 1823 298 xxxvu-XL.
2317 231 2400 297 67

296 425 522 484 gressos
564 424 641 464 ne
684 407 909 464 vultum
948 405 1188 480 quidem
1230 415 1407 481 atque
1447 407 1658 465 aciem·
1685 407 1991 467 oculorum
2034 409 2312 471 dicebant

296 499 441 556 ferre
470 497 784 573 potuisse),
812 506 1005 554 tantus
1040 497 1234 556 subito
1274 498 1448 556 timor
1487 515 1728 557 omnem
1769 501 2088 559 exercitum
2129 519 2308 560 occu-

293 592 469 666 pavit,
517 600 581 649 ut
621 609 743 649 non
786 591 1157 649 mediocriter
1204 591 1466 648 omnium
1515 601 1742 651 mentes
1790 593 2136 668 animosque
2180 613 2310 671 per-

293 682 570 744 turbaret.
655 682 773 739 Hic
796 682 1048 756 primum
1077 691 1233 739 ortus
1264 690 1350 739 est
1378 701 1414 738 a
1440 682 1681 740 tribunis
1709 682 1976 756 militum,
1999 687 2307 760 praefectis

291 772 665 848 reliquisque,
697 773 796 848 qui
824 791 897 830 ex
926 772 1068 830 urbe
1097 772 1383 830 amicitiae
1415 791 1593 831 causa
1621 774 1933 832 Caesarem
1973 778 2156 835 secuti
2185 795 2306 836 non
2334 802 2360 855 5

294 882 572 939 magnum
617 863 677 921 in
720 881 781 920 re
824 863 1049 920 militari
1073 940 1077 944 b
1100 881 1269 920 usum
1320 864 1650 923 habebant:
1710 882 1958 940 quorum
2009 867 2152 926 alius
2196 869 2306 927 alia

293 973 473 1014 causa
512 955 681 1025 illata,
722 972 901 1028 quam
940 953 1048 1012 sibi
1087 953 1163 1011 ad
1205 954 1703 1029 proficiscendum
1747 959 2133 1016 necessariam
2177 978 2303 1018 esse

292 1046 533 1116 diceret,
562 1045 819 1120 petebat,
849 1053 915 1102 ut
942 1045 1065 1102 eius
1094 1045 1388 1103 voluntate
1423 1045 1726 1105 discedere
1758 1048 1957 1107 liceret
1977 1069 1996 1122 3
2039 1051 2303 1108 nonnulli

287 1136 517 1212 pudore
547 1134 807 1206 adducti,
838 1145 901 1192 ut
930 1135 1149 1192 timoris
1186 1136 1579 1210 suspicionem
1610 1138 1872 1210 vitarent,
1902 1141 2300 1199 remanebant.

288 1228 375 1286 Hi
426 1243 619 1300 neque
668 1227 891 1283 vultum
942 1227 1159 1300 fingere
1211 1244 1405 1301 neque
1455 1227 1746 1286 interdum
1791 1229 2054 1289 lacrimas
2104 1241 2301 1290 tenere
2333 1251 2393 1287 10

286 1329 595 1395 poterant:
640 1316 823 1375 abditi
852 1317 913 1374 in
942 1317 1327 1375 tabernaculis
1356 1329 1456 1377 aut
1486 1338 1654 1377 suum
1693 1321 1874 1379 fatum
1914 1323 2305 1396 querebantur

288 1418 390 1467 aut
419 1427 554 1465 curn
583 1408 953 1465 familiaribus
983 1408 1098 1465 suis
1143 1426 1458 1467 commune
1501 1411 1823 1485 periculum
1868 1412 2301 1472 miserabantur.

288 1501 484 1576 Vulgo
512 1500 645 1557 totis
676 1499 873 1556 castris
894 1509 1239 1558 testamenta
1260 1501 1731 1576 obsignabantur.
1803 1505 2038 1562 Horum
2060 1505 2304 1563 vocibus

290 1609 364 1648 ac
412 1591 618 1647 timore
664 1589 939 1664 paulatim
992 1591 1164 1647 etiarn
1210 1591 1281 1664 ei,
1324 1593 1425 1665 qui
1467 1611 1742 1666 magnum
1787 1594 1847 1650 in
1891 1595 2089 1652 castris
2134 1613 2302 1653 usum

292 1681 606 1752 habebant,
636 1681 844 1738 milites
874 1681 1381 1757 centurionesque,
1413 1683 1630 1758 quique
1665 1684 1946 1758 equitatui
1979 1696 2298 1760 praeerant,
2335 1709 2392 1762 15

288 1771 791 1848 perturbabantur.
890 1771 1010 1845 Qui
1064 1790 1125 1830 se
1182 1790 1256 1830 ex
1310 1772 1400 1832 his
1454 1774 1646 1832 minus
1700 1771 1952 1834 timidos-
1993 1775 2303 1834 existimari

288 1863 583 1934 volebant,
614 1880 733 1920 non
763 1879 825 1920 se
855 1861 1083 1922 hostem
1110 1863 1313 1936 vereri,
1344 1864 1450 1923 sed
1484 1866 1773 1941 angustias
1809 1865 2028 1924 itineris
2056 1876 2118 1925 et
2143 1885 2300 1942 mag-

287 1952 622 2013 nitudinem
680 1953 968 2025 silvarum,
1020 1971 1169 2030 quae
1226 1955 1655 2014 intercederent
1709 1957 1859 2015 inter
1913 1957 2072 2033 ipsos
2127 1968 2302 2032 atque

289 2044 659 2119 Ariovistum,
706 2055 805 2103 aut
852 2063 975 2103 rem
1012 2045 1469 2119 frumentariam,
1513 2057 1578 2105 ut
1617 2048 1752 2107 satis
1801 2047 2119 2107 commode
2167 2067 2300 2125 sup-

289 2137 507 2213 portari
562 2146 779 2212 posset,
837 2138 1039 2195 timere
1097 2136 1389 2196 dicebant.
1499 2140 1780 2197 Nonnulli
1837 2140 2010 2198 etiam
2069 2140 2302 2199 Caesari
2333 2157 2393 2193 20

290 2229 643 2303 nuntiarant,
690 2246 826 2285 cum
876 2238 1064 2286 castra
1108 2230 1328 2287 moveri
1372 2246 1444 2287 ac
1485 2230 1649 2305 signa
1681 2230 1820 2289 feni
1861 2231 2148 2302 iussisset,
2179 2249 2301 2289 non

290 2320 413 2379 fore
464 2319 627 2378 dicto
674 2318 977 2378 audientes
1032 2319 1241 2377 milites
1297 2338 1492 2395 neque
1537 2332 1777 2396 propter
1822 2322 2092 2379 timorem
2141 2323 2306 2397 signa

246 2452 265 2461 κ»
291 2414 524 2471 laturos

372 2505 495 2562 XL.
543 2504 717 2561 Haec
748 2520 883 2561 cum
913 2501 1430 2573 animadvertisset,
1464 2512 1791 2561 convocato
1834 2503 2078 2561 consilio
2115 2504 2303 2561 omni-

291 2612 511 2670 umque
570 2593 843 2652 ordinum
899 2593 977 2651 ad
1035 2592 1095 2651 id
1152 2594 1456 2651 consilium
1515 2592 1786 2651 adhibitis
1847 2594 2302 2665 centurionibus¹
2333 2617 2393 2670 25

290 2686 672 2744 vehementer
713 2701 815 2743 eos
858 2685 1176 2742 incusavit:
1221 2684 1476 2760 primum
1517 2683 1697 2759 quod,
1734 2694 1833 2743 aut
1867 2703 2044 2759 quam
2083 2685 2142 2742 in
2175 2703 2303 2759 par-

290 2786 412 2835 tem
457 2785 556 2834 aut
598 2792 718 2851 quo
762 2776 1005 2834 consilio
1050 2774 1422 2847 ducerentur,
1452 2775 1560 2833 sibi
1589 2774 1990 2849 quaerendum
2017 2785 2117 2834 aut
2145 2776 2302 2851 cogi-

291 2866 538 2925 tandum
575 2876 863 2941 putarent.
947 2866 1300 2924 Ariovistum
1329 2884 1392 2924 se
1422 2855 1664 2924 consule
1698 2866 2073 2941 cupidissime
2103 2867 2305 2942 populi

293 2956 549 3015 Romani
578 2958 886 3015 amicitiam
918 2958 1207 3032 appetisse
1234 2979 1245 3014 ε
1291 2975 1395 3014 cur
1425 2958 1580 3014 hunc
1609 2965 1728 3014 tam
1757 2968 1976 3015 temere
1999 2958 2305 3031 quisquam

290 3049 369 3106 ab
412 3048 610 3106 officio
658 3047 1047 3106 discessurum
1092 3046 1416 3106 iudicaret?
1498 3048 1616 3106 Sibi
1665 3046 1905 3122 quidem
1949 3047 2302 3123 persuaderi,
2333 3065 2394 3115 30

290 3138 541 3214 cognitis
590 3139 705 3197 suis
754 3138 1055 3214 postulatis
1112 3148 1289 3213 atque
1346 3140 1640 3221 aequitate
1697 3138 2117 3197 condicionum
2173 3157 2302 3213 per-

292 3238 501 3303 specta
528 3246 664 3287 eum
692 3248 1079 3310 neque-suam
1107 3246 1301 3305 neque
1332 3229 1534 3305 populi
1565 3232 1819 3288 Romani
1857 3230 2096 3305 gratiam
2132 3248 2301 3305 repu-

294 3318 603 3377 diaturum.
690 3320 871 3393 Quod
914 3321 960 3378 si
1001 3320 1192 3378 furore
1234 3330 1412 3395 atque
1463 3322 1716 3379 amentia
1761 3321 2038 3397 impulsus
2087 3321 2302 3379 bellum

296 3410 595 3481 intulisset,
646 3411 789 3484 quid
838 3410 1078 3469 tandem
1118 3412 1495 3471 vererentur?
1547 3422 1647 3470 aut
1689 3431 1796 3469 cur
1835 3412 1911 3471 de
1953 3430 2060 3471 sua
2099 3412 2303 3470 virtute

294 3512 396 3559 aut
444 3500 521 3559 de
570 3501 751 3576 ipsius
805 3501 1103 3577 diligentia
1157 3502 1576 3579 desperarent?
1661 3504 1903 3560 Factum
1953 3504 2078 3561 eius
2123 3503 2306 3561 hostis
2332 3510 2392 3561 35

294 3592 619 3667 periculum
654 3603 882 3667 patrum
922 3603 1251 3651 nostrorum
1294 3595 1592 3665 memoria,
1623 3612 1761 3651 cum
1791 3594 2042 3653 Cimbris
2071 3604 2130 3652 et
2157 3596 2306 3651 Teu-

296 3682 452 3740 tonis
494 3702 533 3740 a
577 3684 728 3741 Gaio
778 3684 969 3742 Mario
1016 3685 1196 3759 pulsis
1234 3686 1686 3743 non-minorem
1736 3684 1969 3743 laudern
2020 3686 2304 3765 exercitus

296 3791 477 3848 quam
516 3774 640 3849 ipse
674 3775 987 3850 imperator
1021 3776 1255 3833 meritus
1286 3776 1626 3846 videbatur3
1669 3776 1885 3833 facturn
1915 3776 2089 3832 etiam
2118 3793 2306 3850 nuper
