2796 4207
656 282 801 334 Lm.
846 281 985 337 vn.
1031 282 1200 335 CAP.
1246 281 1802 336 xxxu-xxxvi.
2152 260 2279 327 185

179 515 401 567 Caesar
422 514 588 567 sends
611 531 649 567 a
678 518 821 583 part
842 517 917 586 of
936 514 1032 568 his
1064 531 1230 583 army
1255 514 1441 582 north,
1469 512 1612 569 with
1649 511 1744 568 the
1778 518 1894 566 rest
1926 512 2191 580 encamps

322 595 506 666 bqfore
534 595 809 666 Gergovia
818 615 849 659 ,·
884 596 954 650 he
984 596 1168 651 settles
1203 595 1443 649 another
1475 594 1831 649 disturbance
1862 609 2070 663 among
2098 591 2192 647 tlte

324 677 381 729 A
388 676 494 730 edu
498 676 536 731 i.

262 799 538 857 XXXIV.
586 800 725 857 Hoc
767 798 1008 857 decreto
1053 799 1396 876 interposito
1446 799 1780 857 cohortatus
1821 796 2080 869 Aeduos,
2125 806 2190 856 ut

174 890 703 948 controversiarum
745 908 814 947 ac
849 889 1225 949 dissensionis
1266 890 1740 948 obliviscerentur
1781 898 1956 963 atque
1999 890 2185 946 omni-

175 981 292 1039 bus
314 980 541 1039 omissis
562 982 736 1039 rebus
763 980 899 1039 huic
930 981 1081 1039 bello
1110 981 1385 1040 servirent
1413 998 1620 1055 eaque,
1644 998 1794 1055 quae
1824 980 2186 1050 meruissent,

178 1071 442 1147 praemia
495 1072 571 1129 ab
626 1089 688 1129 se
744 1070 976 1130 devicta
1031 1071 1219 1131 Gallia
1272 1081 1679 1147 exspectarent
1743 1070 2184 1145 equitatumque

174 1179 423 1221 omnem
451 1172 509 1221 et
537 1161 800 1238 peditum
832 1162 987 1220 milia
1016 1162 1227 1221 decem
1256 1163 1365 1221 sibi
1394 1162 1656 1220 celeriter
1694 1162 2004 1231 mitterent,
2035 1178 2186 1236 quae
2217 1180 2244 1233 5

176 1253 243 1311 in
270 1252 575 1328 praesidiis
608 1254 690 1311 rei
726 1254 1129 1312 frumentariae
1171 1270 1349 1312 causa
1389 1252 1746 1329 disponeret,
1776 1251 2096 1310 exercitum
2126 1252 2186 1309 in

178 1344 331 1403 duas
358 1356 549 1419 partes
579 1343 805 1404 divisit:
851 1354 1124 1420 quattuor
1152 1344 1412 1420 legiones
1443 1345 1500 1402 in
1530 1344 1792 1402 Senones
1823 1342 2185 1417 Parisiosque

181 1434 448 1494 Labieno
491 1433 796 1495 ducendas
838 1434 1021 1507 dedit,
1060 1454 1163 1494 sex
1196 1436 1321 1512 ipse
1360 1436 1418 1494 in
1449 1436 1740 1494 Arvernos
1781 1432 1860 1492 ad
1900 1434 2186 1509 oppidum

180 1526 535 1602 Gergoviam
566 1525 890 1585 secundum
915 1526 1132 1585 flumen
1164 1527 1369 1586 Elaver
1397 1525 1602 1599 duxit3
1644 1525 1932 1601 equitatus
1962 1534 2186 1601 partem

179 1615 262 1675 illi
302 1617 577 1690 attribuit,
611 1628 837 1693 partem
878 1618 987 1677 sibi
1029 1618 1275 1693 reliquit.
1359 1618 1496 1693 Qua
1522 1635 1582 1676 re
1611 1616 1844 1693 cognita
1870 1616 2184 1691 Vercinge-
2220 1638 2278 1675 10

178 1708 334 1766 torix
389 1708 661 1767 omnibus
716 1710 1044 1785 interruptis
1093 1710 1219 1768 eius
1262 1708 1515 1768 fluminis
1565 1708 1840 1785 pontibus
1889 1707 1963 1766 ab
2012 1708 2188 1765 altera

180 1799 437 1857 fluminis
478 1810 640 1875 parte
684 1800 790 1859 iter
828 1800 1018 1859 facere
1060 1802 1279 1877 coepit.

261 1890 504 1949 XXXV.
547 1890 701 1949 Cum
740 1901 983 1969 uterque
1017 1893 1245 1967 utrique
1274 1902 1430 1951 esset
1457 1892 1746 1951 exercitus
1774 1890 1832 1948 in
1862 1898 2186 1965 conspectu

182 1987 422 2059 fereque
461 2002 496 2041 e
530 1984 766 2059 regione
809 1985 1007 2043 castris
1049 1994 1238 2043 castra
1278 1993 1542 2061 poneret,
1585 1982 1880 2059 dispositis
1922 1982 2184 2057 explora-

181 2074 425 2147 toribuS,
448 2076 661 2136 necubi
690 2076 899 2136 effecto
928 2085 1109 2153 ponte
1140 2076 1396 2136 Romani
1425 2075 1624 2152 copias
1653 2072 2038 2145 traducerent,
2064 2083 2185 2132 erat
2217 2095 2276 2150 ις

182 2170 241 2228 in
284 2170 515 2246 magnis
557 2171 817 2230 Caesaris
863 2171 1296 2231 difficultatibus
1345 2190 1454 2245 res,
1506 2189 1581 2230 ne
1624 2170 1904 2229 maiorem
1953 2169 2184 2228 aestatis

181 2270 409 2335 partem
439 2259 677 2320 flumine
711 2262 1104 2337 impediretur,
1134 2262 1298 2338 quod
1336 2281 1460 2323 non
1502 2263 1619 2322 fere
1660 2270 1797 2320 ante
1839 2270 2184 2320 autumnum

184 2355 395 2413 Elaver
430 2355 585 2413 vado
627 2357 850 2414 transiri
892 2357 1059 2416 solet.
1148 2358 1375 2432 Itaque,
1405 2374 1480 2415 ne
1509 2356 1570 2416 id
1598 2354 1911 2427 accideret,
1941 2353 2182 2412 silvestri

179 2446 313 2506 loco
343 2446 547 2506 castris
575 2448 779 2523 positis
807 2465 842 2506 e
869 2449 1104 2524 regione
1136 2450 1303 2508 unius
1332 2467 1534 2508 eorum
1561 2448 1848 2525 pontium,
1873 2465 2020 2522 quos
2042 2447 2182 2504 Ver-

180 2536 506 2613 cingetorix
545 2538 967 2598 rescindendos
1008 2551 1321 2610 curaverat,
1362 2550 1597 2615 postero
1637 2538 1733 2598 die
1777 2556 1913 2596 cum
1955 2536 2183 2595 duabus
2213 2555 2276 2592 20

178 2628 507 2704 legionibus
549 2630 610 2687 in
650 2630 883 2689 occulto
926 2631 1168 2704 restitit3
1209 2632 1458 2707 reliquas
1500 2631 1700 2709 copias
1733 2648 1870 2688 cum
1913 2627 2184 2686 omnibus

180 2718 636 2794 impedimentis,
656 2730 719 2779 ut
739 2731 1136 2795 consueverat,
1156 2722 1326 2794 misit,
1350 2722 1534 2798 captis
1557 2719 1905 2797 quibusdam
1929 2718 2180 2777 cohorti-

178 2810 307 2883 buS,
328 2810 412 2869 uti
434 2829 710 2870 numerus
734 2812 1027 2888 legionum
1052 2824 1317 2872 constare
1340 2813 1647 2872 videretur.
1709 2812 1838 2883 His,
1859 2829 2036 2886 quam
2058 2810 2182 2868 lon·

177 2902 415 2976 gissime
453 2912 713 2978 possent,
744 2903 944 2978 egredi
971 2905 1155 2978 iussiS,
1185 2923 1321 2963 cum
1350 2907 1467 2964 iam
1497 2924 1569 2963 ex
1597 2904 1715 2963 diei
1745 2913 2011 2979 tempore
2040 2919 2179 2959 con-

178 2992 461 3051 iecturam
490 3004 745 3069 ceperat,
769 2994 829 3052 in
850 3005 1035 3054 castra
1061 3006 1425 3071 perventum,
1447 2995 1635 3058 isdem
1664 2994 1913 3065 subliciS‚
1937 3010 2182 3068 quarum
2211 3012 2268 3066 25

176 3100 310 3158 pars
332 3083 569 3142 inferior
590 3085 811 3161 integra
832 3087 1186 3158 remanebat,
1205 3097 1450 3162 pontem
1472 3087 1710 3145 reficere
1733 3085 1949 3161 coepit.
2011 3082 2180 3142 Cele-

174 3175 314 3232 riter
362 3174 575 3233 effecto
625 3193 803 3251 opere
861 3176 1301 3253 legionibusque
1358 3177 1636 3238 traductis
1684 3188 1742 3235 et
1790 3177 1925 3235 loco
1980 3175 2180 3233 castris

176 3267 400 3327 idoneo
442 3267 677 3328 delecto
718 3270 967 3344 reliquas
1008 3271 1210 3346 copias
1250 3271 1557 3330 revocavit.
1643 3269 2082 3346 Vercingetorix
2117 3286 2180 3326 re

175 3359 435 3435 cognita,
491 3377 567 3418 ne
622 3369 829 3420 contra
882 3379 1046 3420 suam
1099 3363 1457 3422 voluntatem
1519 3361 1796 3421 dimicare
1857 3369 2178 3437 cogeretur,

174 3453 405 3528 magnis
446 3453 744 3515 itineribus
786 3455 1110 3514 antecessit.
1893 3480 1925 3526 j
2207 3475 2270 3526 30

257 3544 534 3604 XXXVI.
578 3545 796 3606 Caesar
823 3564 896 3604 ex
923 3564 998 3604 eo
1026 3547 1159 3606 loco
1188 3547 1402 3623 quintis
1430 3547 1628 3608 castris
1659 3541 2009 3624 Gergoviam
2046 3569 2176 3628 per-

174 3635 339 3694 venit
380 3635 749 3711 equestrique
794 3654 869 3695 eo
910 3636 1007 3696 die
1050 3637 1273 3714 proelio
1314 3638 1426 3697 levi
1467 3639 1642 3711 fact0,
1676 3633 1986 3717 perspecto
2025 3644 2178 3702 urbis

176 3728 307 3798 situ,
354 3743 505 3802 quae
546 3728 738 3803 posita
776 3728 836 3787 in
877 3728 1154 3789 altissimo
1195 3739 1398 3789 monte
1441 3731 1631 3791 omnis
1679 3731 1869 3792 aditus
1915 3732 2178 3793 difficiles

176 3817 448 3891 habebat,
470 3819 549 3879 de
572 3821 1003 3897 expugnatione
1032 3821 1377 3900 desperavit,
1400 3823 1478 3882 de
1506 3823 1844 3884 obsessione
1875 3844 1996 3886 non
2023 3828 2180 3903 prius
