2796 4207
800 216 947 317 LIB'.
991 262 1065 315 V.
1109 261 1281 315 CAP.
1324 255 1760 313 XLVIII—LII.
2198 233 2325 299 145

220 429 515 493 Consedit
542 437 619 502 et,
650 446 825 503 quam
870 426 1221 502 aequissimo
1263 426 1397 482 loco
1440 430 1653 498 potest,
1685 430 1870 479 castra
1911 416 2238 477 communit

218 535 401 599 atque
433 522 600 593 haee,
624 520 732 578 etsi
753 527 917 577 erant
942 517 1150 593 exigua
1171 534 1276 591 per
1297 534 1378 587 se,
1403 516 1498 571 vix
1527 513 1831 572 hominum
1861 509 2083 568 milium
2105 525 2235 583 sep·

220 626 366 688 tem,
391 612 731 691 praesertim
752 610 921 668 nullis
949 627 1085 667 cum
1113 605 1569 683 impedimentis,
1592 614 1789 662 tamen
1818 600 2096 677 angustiis
2119 599 2234 657 via-

218 728 373 780 rum,
392 726 572 783 quam
590 705 843 762 maxime
865 710 1078 777 potest,
1097 699 1385 760 contrahit
1407 716 1480 756 eo
1506 696 1765 767 consili0,
1784 704 1848 753 ut
1869 696 1929 753 in
1951 711 2239 753 summam

220 798 731 875 contemptionem
782 794 1045 853 hostibus
1084 792 1295 849 veniat.
1384 789 1624 847 Interim
1673 785 2131 863 speculatoribus
2177 784 2237 841 in
2267 796 2294 849 s

220 908 435 949 omnes
484 898 677 965 partes
726 885 977 945 dimissis
1021 884 1299 959 explorat,
1343 898 1463 956 quo
1509 877 1986 939 commodissime
2030 876 2232 935 itinere

222 982 401 1040 valles
430 981 655 1039 transiri
682 978 883 1055 possit.

307 1074 375 1130 L.
422 1073 515 1130 Eo
561 1071 657 1130 die
707 1069 955 1147 parvulis
1000 1064 1365 1142 equestribus
1415 1063 1648 1139 proeliis
1692 1060 1770 1119 ad
1814 1078 2027 1135 aquam
2072 1058 2236 1116 factis

221 1164 458 1237 utrique
514 1179 642 1221 sese
698 1180 807 1220 suo
860 1161 996 1219 loco
1066 1156 1375 1216 continent
1395 1176 1414 1228 5
1479 1154 1648 1224 Galli,
1708 1151 1871 1227 quod
1926 1150 2236 1225 ampliores

222 1255 449 1329 copias,
480 1271 630 1328 quae
673 1252 941 1311 nondum
980 1256 1396 1319 convenerant,
1428 1245 1847 1320 exspectabant
1867 1264 1886 1316 3
1929 1242 2162 1313 Caesar,
2193 1241 2239 1300 si
2269 1266 2329 1303 10

223 1346 373 1403 forte
404 1346 625 1403 timoris
653 1344 1017 1403 simulatione
1048 1342 1245 1401 hostes
1275 1341 1331 1397 in
1362 1356 1531 1396 suum
1560 1337 1756 1395 locum
1787 1335 1995 1393 elicere
2017 1343 2234 1409 posset,

225 1446 291 1495 ut
317 1437 466 1494 citra
492 1435 699 1493 vallem
727 1453 835 1511 pro
870 1435 1068 1493 castris
1111 1433 1333 1509 proelio
1372 1427 1796 1500 contenderet3
1839 1427 1888 1485 si
1915 1424 1976 1484 id
2007 1425 2237 1484 efficere

224 1546 349 1585 non
370 1536 589 1602 posset,
613 1536 677 1583 ut
698 1526 1007 1602 exploratis
1029 1524 1327 1583 itineribus
1348 1524 1574 1581 minore
1597 1539 1733 1579 cum
1755 1518 2014 1595 periculo
2031 1517 2238 1599 vallem

223 1620 531 1693 rivumque
573 1618 853 1676 transiret.
940 1616 1131 1676 Prima
1170 1616 1302 1675 luce
1340 1615 1596 1674 hostium
1626 1612 1916 1689 equitatus
1944 1608 2024 1669 ad
2051 1594 2236 1668 castra

223 1707 461 1768 accedit
481 1709 882 1785 proeliumque
906 1726 1042 1766 cum
1064 1708 1275 1766 nostris
1298 1707 1588 1782 equitibus
1618 1702 1950 1762 committit.
2021 1700 2238 1760 Caesar
2273 1727 2329 1779 15

224 1800 500 1859 consulto
528 1801 755 1876 equites
782 1799 995 1858 cedere
1024 1816 1205 1875 seque
1234 1799 1296 1857 in
1322 1808 1511 1857 castra
1536 1798 1797 1872 recipere
1828 1794 2026 1867 iubet3
2066 1793 2237 1853 simul

226 1910 301 1952 ex
349 1892 625 1952 omnibus
675 1892 933 1966 partibus
977 1900 1165 1949 castra
1210 1890 1412 1951 altiore
1461 1889 1610 1949 vallo
1659 1886 1874 1947 muniri
1921 1895 2234 1962 portasque

226 1983 448 2042 obstrui
478 1992 655 2058 atque
684 1983 746 2040 in
772 1982 861 2041 his
889 1980 1359 2041 administrandis
1396 1981 1570 2041 rebus
1608 1998 1786 2057 quam
1815 1978 2066 2038 maxime
2096 1995 2234 2036 con-

226 2075 443 2135 cursari
473 2084 533 2133 et
561 2093 697 2132 cum
726 2074 1093 2133 simulatione
1122 2074 1215 2150 agi
1243 2073 1464 2134 timoris
1491 2073 1670 2133 iubet.

308 2169 415 2226 LI.
460 2166 690 2241 Quibus
718 2166 990 2225 omnibus
1017 2166 1191 2225 rebus
1219 2164 1418 2224 hostes
1445 2165 1664 2223 invitati
1694 2165 1896 2241 copias
1927 2163 2240 2224 traducunt
2271 2175 2330 2210 ²0

226 2261 538 2333 aciemque
566 2258 770 2332 iniquo
798 2257 932 2316 loco
962 2257 1341 2328 constituunt,
1370 2257 1581 2316 nostris
1609 2275 1748 2316 vero
1779 2257 1955 2316 etiarn
1984 2255 2062 2316 de
2090 2256 2239 2314 vallo

226 2349 518 2420 deductiS,
541 2348 781 2423 propius
808 2346 1101 2406 accedunt
1131 2357 1190 2406 et
1217 2349 1332 2406 tela
1359 2349 1507 2406 intra
1534 2349 1920 2407 munitionem
1950 2367 2025 2407 ex
2052 2347 2237 2406 omni-

226 2442 335 2499 bus
358 2441 617 2516 partibus
640 2439 939 2497 coniciunt
967 2440 1471 2516 praeconibusque
1501 2439 1912 2498 circummissis
1941 2439 2238 2515 pronunti-

226 2532 309 2589 ari
355 2531 575 2601 iubent,
623 2548 727 2588 seu
769 2530 898 2604 quis
940 2530 1139 2590 Gallus
1181 2548 1283 2588 seu
1327 2530 1632 2590 Romanus
1673 2531 1811 2590 velit
1855 2540 1988 2588 ante
2035 2529 2234 2588 horam

226 2622 458 2680 tertiam
496 2620 572 2678 ad
611 2639 674 2678 se
712 2621 969 2692 transire,
998 2621 1123 2678 sine
1167 2620 1426 2696 periculo
1468 2622 1681 2694 licere3
1725 2631 1860 2698 post
1899 2619 1962 2679 id
2003 2629 2234 2696 tempus
2268 2637 2327 2689 25

225 2732 351 2772 non
395 2713 519 2770 fore
561 2721 951 2787 potestatem3
995 2731 1066 2770 ac
1095 2711 1178 2770 sic
1219 2721 1448 2772 nostros
1491 2721 1990 2789 contempserunt,
2020 2721 2102 2783 ut,
2132 2713 2234 2770 ob-

226 2805 460 2864 structis
488 2804 548 2861 in
590 2804 851 2879 speciem
889 2804 1086 2878 portis,
1117 2804 1352 2879 singulis
1394 2803 1695 2865 ordinibus
1737 2809 2044 2884 cespitum,
2074 2803 2236 2883 quod

226 2916 297 2956 ea
326 2914 451 2954 non
478 2912 652 2969 posse
682 2896 1104 2971 introrumpere
1128 2895 1488 2966 videbantur,
1517 2898 1610 2956 alii
1639 2900 1850 2959 vallum
1880 2919 2056 2959 manu
2087 2899 2236 2958 scin-

225 2987 389 3059 dere,
419 2986 516 3045 alii
543 2986 726 3044 fossas
764 2986 1062 3061 complere
1104 2987 1451 3063 inciperent.
1533 2990 1689 3048 Tum
1722 2993 1938 3051 Caesar
1965 2991 2236 3050 omnibus

224 3079 410 3154 portis
442 3076 746 3152 eruptione
776 3079 927 3135 facta
964 3078 1343 3155 equitatuque
1386 3081 1600 3140 emisso
1643 3081 1906 3142 celeriter
1945 3083 2143 3142 hostes
2178 3082 2239 3139 in
2268 3099 2330 3150 30

224 3171 424 3246 fugam
468 3169 587 3242 dat,
618 3169 703 3228 sic
743 3169 828 3228 uti
866 3170 1109 3228 omnino
1152 3172 1453 3248 pugnandi
1496 3192 1672 3232 causa
1710 3175 1998 3234 resisteret
2038 3192 2235 3245 nemO,

225 3278 627 3336 magnumque
677 3278 752 3320 ex
794 3260 879 3320 eis
934 3279 1243 3321 numerum
1300 3263 1520 3323 oceidit
1574 3274 1749 3340 atque
1805 3284 2011 3325 omnes
2066 3266 2238 3324 armis

226 3352 408 3410 exuit.
2203 3420 2208 3425 ι

310 3443 447 3502 LII.
492 3443 750 3520 Longius
805 3446 1082 3522 prosequi
1137 3447 1369 3519 veritus,
1426 3445 1588 3522 quod
1647 3448 1821 3506 silvae
1876 3447 2238 3524 paludesque

226 3533 672 3594 intercedebant
705 3554 900 3612 neque
930 3539 1106 3596 etiam
1134 3539 1374 3615 parvulo
1405 3537 1756 3598 detrimento
1786 3540 2011 3598 illorum
2038 3539 2236 3598 locum
2265 3548 2327 3600 35

227 3629 477 3704 relinqui
504 3629 757 3704 videbat,
788 3633 1061 3692 omnibus
1102 3634 1219 3692 suis
1256 3632 1644 3692 incolumibus
1683 3633 1866 3708 copiis
1895 3631 2108 3692 eodem
2139 3633 2237 3692 die

230 3719 307 3779 ad
342 3721 697 3782 Ciceronem
740 3725 1019 3798 pervenit.
1105 3723 1403 3783 Institutas
1445 3734 1645 3796 turreS‚
1689 3723 2009 3783 testudines
2049 3725 2236 3783 muni-

230 3812 542 3889 tionesque
593 3812 845 3872 hostium
894 3815 1207 3874 admiratur
1228 3837 1243 3888 ;
1301 3816 1529 3892 legione
1579 3815 1867 3891 producta
1915 3817 2234 3890 cognoscit,

1219 3960 1278 3998 10
