2796 4207
949 214 1093 267 ΜΒ.
1138 215 1180 266 1.
1223 215 1390 267 CAP.
1432 214 1759 268 xL-XLu.
2302 200 2385 263 69

321 468 534 521 Caesar
555 464 811 519 marchas
827 467 982 535 after
1002 464 1361 529 Ariovistus,
1389 464 1518 517 who
1544 472 1793 533 requests
1815 482 1893 518 an
1930 467 2253 519 interview.

360 606 518 665 XLI.
567 606 704 662 Hac
761 604 1020 663 oratione
1065 603 1263 662 habita
1309 604 1519 661 mirum
1567 605 1628 662 in
1677 604 1920 663 modum
1976 624 2291 663 conversae

279 707 419 755 sunt
460 697 728 755 omnium
768 705 994 753 mentes
1035 712 1380 769 summaque
1424 684 1687 753 alacritas
1729 705 1789 753 et
1829 694 2119 770 cupiditas
2159 695 2293 753 belli

280 786 527 862 gerendi
575 787 770 844 innata
810 796 915 857 est,
959 786 1349 862 princepsque
1401 784 1633 843 decima
1678 786 1829 861 legio
1878 804 1985 861 per
2032 786 2292 844 tribunos

281 877 526 936 militum
557 878 610 935 ei
637 878 846 952 gratias
875 877 1010 951 egit,
1033 875 1196 951 quod
1225 876 1302 933 de
1335 894 1398 933 se
1428 876 1716 951 optimum
1738 876 2017 934 iudicium
2042 877 2289 948 fecisset,

281 985 464 1043 seque
511 984 637 1025 esse
675 966 752 1024 ad
800 967 1016 1025 bellum
1065 965 1388 1041 gerendum
1440 967 1859 1042 paratissimam
1910 968 2288 1025 confirmavit.
2323 990 2360 1040 5·

280 1056 518 1117 Deinde
552 1057 808 1132 reliquae
850 1057 1109 1133 legiones
1150 1075 1286 1114 cum
1329 1058 1571 1117 tribunis
1612 1057 1855 1115 militum
1886 1067 1944 1115 et
1972 1059 2289 1132 primorum

274 1148 554 1207 ordinum
591 1148 1031 1205 centurionibus
1070 1158 1332 1223 egerunt,
1363 1149 1447 1205 uti
1475 1148 1711 1207 Caesari
1748 1148 2141 1206 satisfacerent
2169 1166 2189 1205 :·
2228 1167 2289 1206 se

273 1257 472 1315 neque
516 1256 796 1313 umquam
840 1236 1132 1295 dubitasse
1176 1256 1370 1313 neque
1414 1239 1689 1310 timuisse,
1722 1256 1915 1313 neque
1958 1238 2035 1296 de
2064 1258 2291 1297 summa

272 1331 412 1389 belli
440 1348 612 1387 suum
641 1328 942 1401 iudicium,
972 1328 1078 1386 sed
1107 1330 1466 1403 imperatoris
1496 1347 1627 1389 esse.
1654 1322 2083 1388 exis'timavisse.
2170 1332 2285 1389 Eo·
2344 1342 2365 1360 s

185 1468 190 1470 .
275 1439 404 1477 rum
439 1419 832 1478 satisfactione
867 1428 1114 1493 accepta
1141 1427 1200 1476 et
1231 1419 1439 1476 itinere·
1464 1420 1751 1494 exquisito
1780 1437 1886 1494 per
1915 1413 2380 1523 Divitiacumsjw

277 1509 442 1586 quod
473 1528 548 1567 ex
575 1510 695 1568 aliis
729 1510 784 1567 ei
822 1509 1136 1567 maximam
1178 1508 1356 1567 fidem
1401 1510 1670 1581 habebat,
1701 1520 1765 1567 ut
1794 1510 2012 1569 milium
2041 1511 2287 1587 amplius

277 1600 698 1676 quinquaginta
752 1600 992 1657 circuitu
1049 1600 1193 1657 locis
1247 1600 1461 1675 apertis
1519 1600 1837 1657 exercitum
1894 1600 2152 1673 duceret,
2210 1602 2286 1660 de

277 1701 481 1766 quarta
519 1690 724 1765 vigilia,
769 1700 830 1747 ut
873 1687 1114 1762 dixerat,
1153 1690 1459 1765 profectus
1497 1700 1601 1749 est.
1688 1692 1948 1765 Septimo
1990 1691 2106 1763 die,
2150 1711 2286 1750 cum

273 1784 381 1841 iter
427 1801 554 1841 non
601 1783 1018 1853 intermitteret,
1063 1783 1138 1840 ab
1184 1782 1641 1858 exploratoribus
1690 1783 1901 1841 certior
1947 1783 2131 1841 factus
2179 1793 2284 1855 est,

271 1874 546 1932 Ariovisti
591 1874 791 1949 copias
841 1892 876 1929 a
923 1873 1130 1931 nostris
1179 1873 1411 1931 milibus
1460 1890 1733 1949 passuum
1781 1883 2051 1949 quattuor
2096 1884 2156 1932 et
2201 1892 2285 1933 xx
2317 1900 2373 1953 15

269 1966 497 2025 abesse.

349 2056 548 2116 XLII.
593 2055 850 2131 Cognito
881 2054 1143 2114 Caesaris
1172 2053 1427 2114 adventu
1453 2056 1768 2115 Ariovistus
1796 2056 2016 2133 legatos
2043 2056 2121 2116 ad
2149 2075 2284 2116 eum

269 2149 480 2207 mittit:
533 2146 695 2222 quod
736 2156 910 2204 antea
949 2145 1024 2204 de
1067 2146 1364 2222 colloquio
1406 2148 1771 2222 postulasset,
1813 2148 1874 2206 id
1918 2167 2022 2225 per
2064 2166 2127 2208 se
2160 2150 2284 2208 fieri

268 2241 462 2315 licere,
511 2241 790 2316 quoniam
840 2240 1078 2316 propius
1129 2239 1489 2312 accessisset,
1533 2257 1715 2315 seque
1755 2239 1818 2299 id
1860 2241 1983 2298 sine
2025 2241 2284 2316 periculo

269 2333 459 2392 facere
507 2351 682 2408 posse
725 2331 1067 2390 existimare.
1155 2332 1293 2389 Non
1335 2331 1555 2406 respuit
1597 2331 2013 2390 condicionem
2052 2333 2282 2404 Caesar,
2312 2366 2373 2401 20

269 2425 509 2502 iamque
541 2444 677 2483 eum
719 2425 794 2482 ad
831 2426 1132 2482 sanitatem
1175 2425 1381 2482 reverti
1424 2424 1817 2495 arbitrabatur,
1848 2442 1982 2480 cum
2013 2422 2091 2496 id,
2123 2422 2284 2498 quod

271 2526 442 2574 antea
494 2516 719 2591 petenti
769 2514 1132 2590 denegasset,
1177 2515 1324 2573 ultro
1367 2515 1750 2590 polliceretur,
1792 2531 2183 2588 magnamque
2225 2515 2283 2570 in

270 2625 438 2682 spem
488 2606 777 2678 veniebat,
827 2625 934 2682 pro
983 2607 1100 2664 suis
1148 2605 1318 2664 tantis
1367 2605 1687 2681 populique
1739 2605 1992 2662 Romani
2042 2605 2099 2661 in
2146 2622 2281 2661 eum

269 2697 594 2768 beneflciiS,
646 2697 891 2772 cognitis
946 2697 1062 2755 suis
1111 2696 1432 2771 postulatis,
1482 2696 1624 2767 fore,
1674 2695 1759 2752 uti
1808 2694 2126 2769 pertinacia
2180 2693 2280 2752 de-

271 2789 515 2847 sisteret.
603 2789 746 2846 Dies
787 2787 1082 2862 colloquio
1125 2787 1316 2845 dictus
1349 2796 1438 2844 est
1475 2804 1549 2844 ex
1590 2804 1663 2844 eo
1706 2784 1803 2843 die
1846 2787 2097 2860 quintus,
2185 2786 2281 2843 In·
2312 2812 2370 2863 25

272 2869 441 2937 terim
471 2897 650 2956 saepe
680 2880 828 2938 ultro
864 2879 1126 2955 citroque
1171 2897 1308 2936 cum
1349 2878 1523 2954 legati
1565 2879 1714 2935 inter
1755 2895 1858 2934 eos
1900 2877 2279 2947 mitterentur,

273 2968 944 3049 Ariovistuspostulavit,
968 2989 1043 3027 ne
1074 2987 1250 3044 quem
1279 2967 1542 3045 peditem
1571 2967 1647 3026 ad
1683 2966 2037 3042 colloquium
2067 2968 2283 3026 Caesar

273 3049 630 3120 adduceret:
655 3062 857 3119 vereri
886 3079 968 3132 se,
998 3079 1072 3118 ne
1101 3078 1207 3135 per
1234 3059 1472 3120 insidias
1512 3060 1588 3117 ab
1622 3077 1696 3117 eo
1730 3059 2242 3116 circumveniretur
2264 3081 2279 3130 3

272 3161 520 3227 uterque
578 3171 712 3210 cum
769 3152 1027 3226 equitatu
1072 3151 1326 3209 veniret:
1387 3150 1499 3209 alia
1544 3151 1767 3208 ratione
1812 3167 1939 3207 sese
1984 3167 2104 3206 non
2154 3167 2279 3207 esse

273 3253 599 3302 venturum.
684 3244 915 3315 Caesar,
941 3242 1103 3318 quod
1132 3261 1324 3317 neque
1355 3241 1711 3316 colloquium
1738 3241 2079 3315 interposita
2107 3258 2283 3298 causa
2306 3274 2369 3322 30

277 3331 396 3390 tolli
436 3333 668 3392 volebat
711 3351 906 3408 neque
955 3334 1200 3392 salutem
1244 3351 1406 3392 suam
1452 3333 1752 3392 Gallorum
1795 3331 2077 3405 equitatui
2118 3349 2279 3388 com-

223 3430 230 3434 ·
277 3422 505 3480 mittere
532 3423 800 3495 audebat,
832 3423 1374 3482 commodissimum
1406 3423 1532 3480 e'sse
1562 3423 1773 3494 statuit,
1805 3422 2075 3493 omnibus
2112 3421 2279 3495 equis

279 3511 461 3570 Gallis
488 3515 774 3588 equitibus
807 3513 1098 3586 detractiS,
1129 3531 1203 3572 eo
1229 3513 1577 3589 legionarios
1607 3513 1815 3570 milites
1844 3511 2089 3586 legionis
2118 3511 2276 3569 deci-

279 3619 430 3674 mae,
459 3605 554 3662 cui
586 3622 761 3679 quam
803 3605 1054 3662 maxime
1097 3603 1453 3674 confidebat,
1483 3604 1805 3678 imponere,
1835 3611 1899 3660 ut
1926 3600 2277 3677 praesidium

279 3708 454 3766 quam
488 3695 914 3765 amicissimum,
945 3694 994 3753 si
1022 3693 1164 3768 quid
1194 3711 1342 3768 opus
1371 3694 1525 3751 facto
1556 3703 1725 3764 esset,
1756 3693 2011 3750 haberet.
2096 3691 2295 3766 Quod

279 3799 416 3840 cum
444 3783 621 3855 fieret,
651 3803 772 3843 non
799 3783 1084 3844 irridicule
1123 3783 1362 3860 quidam
1397 3801 1472 3842 ex
1513 3784 1786 3841 militibus
1829 3781 2095 3840 decimae
2136 3781 2274 3856 legi·
2300 3849 2327 3862 κ
