2796 4207
449 186 575 253 144
686 273 690 279 .
1083 206 1193 259 m:
1244 206 1499 260 BELLo
1552 208 1896 263 GALLICO

533 368 813 427 sustinere
841 376 1061 445 posset,
1085 368 1420 444 praesertim
1450 387 1601 445 quos
1626 372 1845 430 recenti
1866 372 2109 432 victoria
2137 374 2324 434 efferri
2355 377 2554 453 sciret,

531 460 745 519 litteras
787 460 1023 519 Caesari
1062 460 1318 534 remittit,
1363 470 1584 536 quanto
1633 480 1771 521 cum
1819 464 2081 538 periculo
2133 467 2428 544 legionem
2473 493 2550 535 ex

532 550 786 610 hibernis
814 550 1129 611 educturus
1157 560 1327 625 esset,
1346 570 1470 610 rem
1497 563 1720 629 gestam
1741 554 1803 613 in
1825 556 2198 619 Eburonibus
2221 565 2549 639 perscribit,

530 642 727 716 docet,
756 660 963 701 omnes
1002 640 1295 720 peditatus
1338 644 1742 720 equitatusque
1786 648 1988 723 copias
2017 651 2404 715 Treverorum
2437 658 2551 716 tria

474 750 501 803 5
531 735 685 793 milia
711 752 989 810 passuum
1015 734 1187 811 longe
1215 734 1290 793 ab
1319 734 1438 793 suis
1466 736 1664 794 castris
1696 740 2053 801 consedisse.

606 826 889 885 XLVIII.
934 826 1150 884 Caesar
1186 825 1433 884 consilio
1463 827 1587 885 eius
1615 830 1884 905 probat0,
1918 834 2026 893 etsi
2054 838 2334 913 opinione
2363 839 2541 897 trium

527 917 820 993 legionum
850 915 1115 975 deiectus
1142 915 1220 974 ad
1248 916 1393 975 duas
1431 917 1699 993 redierat,
1733 934 1932 985 tamen
1975 946 2158 987 unum
2203 931 2541 988 communis

525 1008 721 1067 salutis
748 1008 1025 1067 auxilium
1056 1009 1115 1066 in
1142 1008 1436 1067 celeritate
1479 1014 1756 1087 ponebat.
1842 1019 2019 1077 Venit
2061 1021 2284 1095 magnis
2327 1021 2541 1080 itineri-

524 1100 634 1159 bus
661 1100 723 1158 in
747 1100 1093 1158 Nerviorum
1114 1098 1274 1158 fines.
1352 1101 1444 1159 Ibi
1473 1120 1547 1160 ex
1575 1108 1816 1182 captivis
1845 1111 2168 1186 cognoscit,
2193 1129 2344 1187 quae
2375 1112 2540 1188 apud

440 1209 500 1247 10
524 1190 877 1251 Ciceronem
924 1200 1197 1267 gerantur
1245 1202 1585 1270 quantoque
1637 1198 1694 1256 in
1741 1200 2003 1275 periculo
2053 1220 2143 1260 res
2192 1202 2285 1261 sit.
2381 1203 2541 1261 Tum

523 1284 759 1344 cuidam
788 1302 863 1343 ex
890 1284 1179 1359 equitibus
1210 1285 1389 1345 Gallis
1421 1290 1646 1365 magnis
1673 1293 1945 1367 praemiis
1978 1293 2310 1369 persuadet,
2341 1295 2425 1353 uti
2453 1295 2536 1354 ad

523 1376 873 1437 Ciceronem
928 1376 1234 1451 epistolam
1292 1376 1533 1438 deferat.
1622 1383 1800 1441 Hanc
1848 1384 2092 1444 Graecis
2136 1385 2538 1461 conscriptam

519 1470 719 1529 litteris
748 1470 937 1541 mittit,
967 1488 1043 1527 ne
1077 1471 1403 1546 intercepta
1445 1472 1690 1547 epistola
1729 1483 1927 1531 nostra
1966 1475 2042 1534 ab
2083 1474 2348 1534 hostibus
2389 1495 2535 1535 con·

521 1562 644 1620 silia
683 1571 1128 1637 cognoscantur.
1214 1561 1271 1620 Si
1305 1561 1466 1621 adire
1507 1581 1630 1622 non
1671 1564 1873 1639 possit,
1905 1576 2123 1637 monet,
2153 1575 2218 1624 ut
2248 1567 2533 1642 tragulam

438 1671 494 1725 ¹5
520 1672 657 1711 cum
688 1653 932 1729 epistola
958 1652 1035 1711 ad
1062 1662 1361 1712 amentum
1401 1653 1652 1731 deligata
1690 1654 1840 1713 intra
1881 1656 2266 1714 munitionem
2309 1668 2524 1717 castro·

520 1764 646 1803 rum
676 1746 903 1805 abiciat.
990 1746 1062 1804 In
1090 1746 1290 1805 litteris
1325 1746 1536 1819 scribit,
1567 1764 1629 1803 se
1659 1764 1796 1804 cum
1832 1746 2157 1822 legionibus
2197 1748 2531 1824 profectum

520 1836 781 1896 celeriter
833 1836 1051 1910 affore,
1122 1836 1397 1909 hortatur,
1456 1847 1519 1894 ut
1579 1836 1879 1912 pristinam
1935 1838 2204 1896 virtutem
2259 1840 2528 1899 retineat.

520 1928 718 1988 Gallus
746 1929 1069 2005 periculum
1090 1929 1319 1999 verituS‚
1349 1938 1416 1986 ut
1443 1937 1565 1987 erat
1592 1938 1990 2004 praeceptum,
2021 1930 2302 2005 tragulam
2331 1932 2526 1991 mittit.

522 2022 693 2079 Haec
731 2038 868 2079 casu
910 2020 988 2079 ad
1030 2020 1227 2079 turrim
1270 2019 1536 2077 adhaesit
1576 2036 1769 2094 neque
1813 2020 1888 2078 ab
1929 2020 2139 2079 nostris
2180 2020 2364 2081 biduo
2408 2024 2526 2081 ani—

430 2137 493 2174 20
516 2111 820 2172 inadversa
860 2114 1029 2171 tertio
1058 2112 1153 2171 die
1184 2130 1217 2170 a
1245 2111 1506 2186 quodam
1543 2111 1723 2169 milite
1767 2112 2143 2186 conspicitur,
2174 2111 2420 2190 dempta
2447 2115 2524 2173 ad

517 2204 870 2264 Ciceronem
925 2204 1193 2264 defertur.
1282 2203 1384 2260 Ille
1440 2201 1759 2278 perlectam
1809 2203 1869 2259 in
1925 2212 2219 2262 conventu
2276 2205 2528 2264 militum

515 2297 719 2354 recitat
761 2296 1129 2371 maximaque
1172 2311 1378 2352 omnes
1417 2293 1631 2351 laetitia
1665 2292 1860 2352 afficit.
1943 2295 2101 2352 Tum
2144 2295 2287 2353 fumi
2322 2296 2527 2355 incen-

515 2386 745 2445 diorum
790 2386 995 2462 procul
1042 2384 1405 2457 videbantur,
1457 2401 1606 2459 quae
1656 2402 1747 2442 res
1796 2402 2034 2443 omnem
2094 2385 2527 2446 dubitationem

515 2476 797 2537 adventus
825 2478 1119 2554 legionum
1148 2476 1385 2552 expulit.

428 2580 485 2633 25
593 2569 806 2627 XLIX.
851 2568 1003 2629 Galli
1043 2586 1104 2626 re
1147 2567 1382 2644 cognita
1430 2584 1536 2642 per
1582 2566 1975 2641 exploratores
2020 2565 2392 2626 obsidionem
2437 2588 2527 2628 reu

513 2659 801 2735 linquunt,
850 2659 927 2718 ad
972 2661 1283 2718 Caesarem
1328 2658 1600 2716 omnibus
1647 2656 1832 2730 copiis
1877 2656 2260 2719 contendunt.
2348 2661 2528 2720 Haec

514 2761 677 2811 erant
712 2760 933 2811 armata
960 2751 1187 2809 circiter
1213 2750 1369 2808 milia
1398 2767 1494 2807 Lx.
1580 2749 1791 2806 Cicero
1821 2746 1959 2806 data
1986 2748 2256 2808 facultate
2287 2751 2528 2810 Gallum

513 2843 589 2902 ab
630 2841 843 2901 eodem
884 2843 1222 2914 Verticone‚
1266 2859 1444 2917 quem
1490 2858 1664 2916 supra
1705 2838 2247 2912 demonstravimus,
2289 2844 2526 2918 repetit,

513 2935 613 3009 qui
640 2934 854 2992 litteras
888 2933 962 2992 ad
995 2935 1307 2993 Caesarem
1351 2931 1610 3005 deferat3
1656 2930 1813 2989 hune
1856 2929 2156 3004 admonet,
2201 2932 2310 2990 iter
2351 2944 2525 2992 caute

428 3047 489 3096 30
515 3024 936 3100 diligenterque
978 3024 1186 3096 faciat3
1230 3023 1533 3099 perscribit
1575 3023 1633 3080 in
1676 3022 1892 3093 litteriS‚
1939 3020 2137 3080 hostes
2179 3022 2255 3081 ab
2295 3041 2359 3081 se
2405 3024 2524 3083 dis·

515 3117 758 3176 cessisse
786 3133 1142 3190 omnemque
1172 3114 1247 3173 ad
1276 3132 1412 3172 eum
1443 3114 1873 3173 multitudinem
1913 3114 2288 3172 convertisse.
2375 3116 2523 3190 Qui-

515 3208 625 3268 bus
678 3206 877 3266 litteris
932 3206 1158 3264 circiter
1207 3204 1404 3263 media
1452 3215 1625 3264 nocte
1685 3207 1904 3264 Caesar
1954 3204 2138 3262 allatis
2194 3223 2332 3264 suos
2388 3207 2530 3266 facit

516 3299 791 3357 certiores
820 3314 1039 3372 eosque
1068 3296 1143 3354 ad
1184 3295 1582 3354 dimicandum
1625 3296 1822 3354 animo
1865 3295 2189 3354 confirmat.
2281 3298 2526 3356 Postero

517 3389 613 3448 die
642 3390 771 3447 luce
794 3389 980 3463 prima
1000 3397 1197 3446 movet
1224 3395 1411 3446 castra
1433 3396 1492 3445 et
1514 3387 1738 3445 circiter
1766 3387 1924 3445 milia
1944 3405 2224 3462 passuum
2249 3397 2531 3463 quattuor

429 3504 489 3559 35
516 3498 853 3556 progressus
880 3489 1037 3537 trans
1063 3477 1268 3536 vallem
1298 3487 1357 3534 et
1381 3477 1569 3535 rivum
1606 3476 2037 3535 multitudinem
2080 3479 2337 3537 hostium
2381 3497 2554 3538 con-.

518 3571 788 3646 spicatur.
874 3571 1013 3628 Erat
1044 3569 1240 3643 magni
1267 3567 1509 3642 periculi
1537 3586 1646 3640 res,
1677 3569 1908 3626 tantulis
1937 3569 2124 3645 copiis
2152 3569 2356 3646 iniquo
2387 3570 2524 3630 loco

520 3660 797 3718 dimicare
820 3681 836 3730 3
880 3669 1022 3726 tum,
1046 3658 1323 3733 quoniam
1347 3657 1655 3716 obsidione
1676 3659 1979 3718 liberatum
2005 3660 2360 3720 Ciceronem
2383 3663 2526 3721 scie-

520 3750 640 3820 bat,
690 3767 880 3822 aequo
930 3749 1126 3807 animo
1181 3747 1596 3805 remittendum
1655 3747 1729 3806 de
1785 3749 2078 3809 celeritate
2137 3753 2524 3814 existimabat.
