2796 4207
441 228 523 293 66
1079 244 1188 297 DE
1243 244 1497 299 BELLO
1552 245 1891 300 GALLICO

649 500 862 555 Caesar
881 499 1125 554 hastens.
1204 500 1299 553 He
1322 499 1545 555 reaches
1582 501 1835 555 Vesontio
1861 500 2037 571 before
2062 500 2419 558 Ario-virtus..

605 642 912 699 XXXVII.
973 642 1145 710 Haec
1187 638 1403 698 eodem
1461 650 1724 716 tempore
1768 640 2004 700 Caesari
2058 639 2335 699 mandata
2382 640 2527 699 refe-

525 731 816 803 rebantur,
846 742 906 790 et
937 733 1108 808 legati
1136 732 1211 789 ab
1242 730 1462 789 Aeduis
1492 742 1551 789 et
1587 749 1624 790 a
1649 732 1913 790 Treveris
1941 732 2289 790 veniebant:
2336 731 2528 791 Aedui

527 833 817 897 questum,
863 821 1025 897 quod
1069 820 1365 893 HarudeS,
1397 823 1497 897 qui
1540 840 1726 900 nuper
1766 823 1827 881 in
1869 822 2117 882 Galliam
2158 823 2530 897 transportati

527 924 738 985 essent,
768 913 913 972 fines
942 931 1144 971 eorum
1188 913 1605 989 popularentur
1625 934 1643 987 ;
1686 932 1813 972 sese
1856 931 1931 971 ne
1962 911 2262 972 obsidibus
2292 913 2531 988 quidem

475 1004 676 1069 sdatis
731 1022 943 1081 pacem
991 1004 1259 1061 Ariovisti
1314 1002 1600 1061 redimere
1656 1004 1952 1081 potuisse:
2022 1003 2259 1061 Treveri
2314 1014 2533 1075 autem,

526 1114 708 1171 pagos
765 1106 1003 1153 centum
1051 1096 1377 1155 Sueborum
1432 1094 1510 1153 ad
1554 1095 1739 1171 ripam
1785 1094 1983 1153 Rheni
2028 1093 2384 1166 consedisse,
2433 1095 2533 1170 qui

529 1184 804 1243 Rhenum
846 1186 1085 1244 transire
1126 1194 1479 1243 conarentur
1496 1206 1515 1258 ;
1567 1184 1655 1243 his
1696 1202 1966 1261 praeesse
1998 1185 2261 1243 Nasuam
2290 1195 2349 1243 et
2377 1185 2534 1243 Cim-

528 1277 751 1335 berium
781 1275 998 1335 fratres,
1084 1275 1312 1351 Quibus
1340 1276 1514 1335 rebus
1544 1276 1761 1335 Caesar
1780 1275 2158 1333 vehementer
2200 1285 2531 1333 commotus

526 1365 934 1425 maturandum
976 1368 1084 1427 sibi
1125 1366 1487 1437 existimavit,
1532 1384 1627 1439 ne,
1670 1368 1719 1425 si
1763 1384 1917 1424 nova
1959 1384 2166 1425 manus
2210 1367 2535 1425 Sueborum

445 1481 501 1517 10
527 1477 664 1517 cum
691 1458 980 1517 veteribus
1012 1458 1198 1534 copiis
1228 1457 1499 1514 Ariovisti
1529 1475 1655 1515 sese
1686 1457 2098 1525 coniunxisset,
2130 1458 2319 1515 minus
2361 1457 2531 1515 facile

525 1549 711 1607 resisti
738 1558 955 1623 posset.
1040 1548 1246 1623 Itaque
1275 1564 1336 1605 re
1367 1547 1757 1619 frumentaria,
1783 1565 1959 1622 quam
1989 1547 2289 1605 celerrime
2318 1548 2528 1624 potuit,

529 1648 881 1713 comparata,
909 1638 1134 1715 magnis
1162 1638 1461 1697 itineribus
1488 1636 1566 1695 ad
1596 1639 1944 1696 Ariovistum
1976 1636 2299 1697 contendit.

607 1730 951 1788 XXXVIII.
995 1730 1148 1788 Cum
1177 1728 1349 1788 tridui
1377 1730 1530 1787 viam
1559 1729 1950 1805 processisset,
1981 1728 2310 1787 nuntiatum
2339 1739 2427 1787 est
2457 1730 2532 1801 ei,

529 1821 878 1878 Ariovistum
921 1838 1056 1877 cum
1098 1820 1215 1878 suis
1253 1820 1524 1879 omnibus
1552 1820 1738 1896 copiis
1766 1818 1842 1877 ad
1864 1818 2278 1894 occupandum
2306 1820 2535 1880 Veson-

446 1942 503 1994 ¹5
529 1913 769 1982 tionem,
800 1910 963 1986 quod
1003 1919 1092 1969 est
1132 1910 1421 1987 oppidum
1464 1911 1783 1969 maximum
1824 1911 2247 1985 Sequanorum,
2291 1922 2536 1970 conten-

529 2002 669 2061 dere
711 2001 1000 2077 triduique
1038 2001 1191 2059 viam
1219 2020 1255 2059 a
1294 2004 1409 2060 suis
1439 2002 1649 2061 finibus
1676 2001 2010 2076 profecisse.
2096 2000 2170 2059 Id
2198 2018 2274 2059 ne
2302 2001 2537 2061 accide-

528 2103 632 2163 ret,
663 2111 1016 2170 magnopere
1047 2092 1154 2152 sibi
1177 2091 1649 2168 praecavendum
1670 2092 1887 2152 Caesar
1908 2091 2291 2152 existimabat.
2350 2094 2409 2153 N
2412 2113 2536 2154 am·

529 2203 646 2262 que
687 2186 951 2244 omnium
991 2203 1201 2258 rerum,
1232 2203 1382 2260 quae
1425 2184 1502 2243 ad
1530 2184 1749 2243 bellurn
1777 2185 1904 2243 usui
1933 2194 2115 2257 erant,
2145 2204 2375 2244 summa
2416 2197 2542 2246 erat

529 2278 590 2335 in
632 2295 706 2334 eo
747 2276 971 2352 oppido
1014 2276 1266 2347 facultaS,
1310 2274 1487 2350 idque
1529 2286 1731 2334 natura
1770 2275 1884 2334 loci
1927 2275 2011 2334 sic
2054 2276 2441 2349 muniebatur,
2471 2289 2541 2336 ut

445 2391 505 2427 20
531 2387 803 2445 magnam
845 2368 921 2427 ad
963 2367 1303 2428 ducendum
1345 2368 1561 2426 bellurn
1612 2367 1776 2427 daret
1832 2369 2179 2442 facultatem,
2223 2379 2540 2446 propterea

531 2460 693 2536 quod
727 2460 946 2519 flumen
996 2460 1183 2518 Dubis
1226 2470 1290 2517 ut
1333 2459 1550 2518 circino
1594 2459 2061 2519 circumductum
2114 2478 2304 2536 paene
2345 2471 2541 2520 totum

531 2553 819 2630 oppidum
860 2554 1075 2630 cingit;
1130 2552 1417 2628 reliquum
1460 2553 1727 2628 spatium,
1770 2553 1932 2628 quod
1984 2563 2071 2612 est
2113 2573 2235 2612 non
2279 2554 2531 2630 amplius

532 2645 752 2721 pedum
795 2655 1221 2717 sexcentorum,
1252 2662 1369 2719 qua
1410 2643 1624 2702 flumen
1669 2644 2009 2716 intermittit,
2053 2663 2223 2704 mons
2272 2646 2540 2704 continet-

533 2755 744 2812 magna
799 2734 1117 2805 altitudine,
1163 2736 1258 2806 ita,
1303 2744 1366 2792 ut
1410 2733 1635 2792 radices
1681 2735 1895 2793 montis
1942 2753 2016 2793 ex
2064 2747 2305 2812 utraque
2364 2745 2532 2811 parte

446 2849 504 2904 ²5
529 2828 690 2903 ripae
733 2827 980 2885 fluminis
1022 2825 1380 2901 contingant.
1468 2827 1650 2883 Hunc
1681 2844 1876 2884 murus
1906 2826 2297 2884 circumdatus
2338 2844 2539 2885 arcem

532 2918 710 2977 efficit
750 2927 808 2976 et
850 2936 986 2975 cum
1027 2915 1250 2993 oppido
1293 2917 1610 2992 coniungit.
1698 2919 1838 2975 Huc
1882 2918 2098 2975 Caesar
2136 2917 2359 2992 magnis
2390 2936 2539 2976 noc-

532 3010 711 3066 turnis
740 3008 1074 3081 diurnisque
1104 3007 1401 3066 itineribus
1430 3006 1736 3065 contendit
1758 3017 2168 3084 occupatoque
2199 3007 2425 3084 oppido
2460 3009 2538 3068 ibi

532 3099 884 3176 praesidium
915 3098 1183 3157 collocat.

721 3309 839 3362 His
861 3307 1249 3378 soldiersfear
1269 3306 1362 3361 the
1386 3307 1679 3361 Germans.
1752 3307 1846 3361 He
1869 3307 2157 3360 addresses
2182 3305 2345 3360 them.

613 3459 883 3518 XXXIX.
929 3460 1088 3516 Dum
1131 3475 1352 3534 paucos
1395 3457 1522 3515 dies
1560 3456 1636 3515 ad
1661 3459 2085 3516 Vesontionem
2114 3459 2197 3538 rei
2225 3456 2543 3515 frumenta-

444 3572 506 3625 30
531 3551 648 3610 riae
671 3559 1149 3626 commeatusque
1172 3567 1348 3607 causa
1367 3558 1641 3621 moratur,
1656 3567 1730 3607 ex
1747 3550 2186 3624 percontatione
2208 3558 2541 3632 nostrorum

531 3643 889 3716 vocibusque
913 3641 1211 3700 Gallorum
1234 3658 1304 3698 ac
1327 3649 1735 3710 mercatorum,
1759 3639 1859 3714 qui
1888 3641 2106 3716 ingenti
2135 3639 2544 3715 magnitudine

533 3750 845 3807 corporum
890 3732 1232 3799 Germanos,
1277 3729 1601 3787 incredibili
1641 3731 1849 3788 virtute
1896 3741 2071 3805 atque
2122 3731 2543 3789 exercitatione

535 3824 594 3879 in
633 3823 804 3879 armis
847 3839 973 3878 esse
1017 3819 1432 3895 praedicabant
1466 3819 1915 3895 (saepenumero
1958 3839 2083 3879 sese
2113 3840 2249 3879 cum
2279 3821 2367 3880 his
2396 3840 2543 3879 con-
