2796 4207
780 235 930 288 ΜΒ.
970 233 1075 286 vl.
1120 230 1289 284 cAP.
1334 225 1835 281 XX1x-xxx11.
2227 208 2348 273 163

238 404 627 485 pinquitateS,
658 399 905 459 comites
940 394 1361 467 familiaresque
1405 391 1528 449 eius
1571 396 1817 464 angusto
1856 387 1916 445 in
1949 386 2082 446 loco
2120 404 2260 463 pau-

237 500 425 575 lisper
454 493 720 570 equitum
749 498 1078 548 nostrorum
1101 486 1218 542 vim
1246 483 1658 541 sustinuerunt.
1732 478 1845 536 His
1873 478 2272 555 pugnantibus

237 592 410 650 illurn
455 589 515 646 in
566 601 786 660 equum
844 577 1087 656 quidam
1137 594 1209 633 ex
1257 575 1373 633 suis
1429 572 1656 643 intulit3
1714 570 2031 645 fugientem
2087 569 2260 628 silvae

238 688 536 741 texerunt.
620 676 717 735 Sic
759 681 819 731 et
861 669 939 728 ad
981 666 1351 727 subeundum
1392 662 1716 739 periculum
1759 668 1819 718 et
1857 658 1934 717 ad
1959 658 2262 718 vitandum

238 772 499 831 multum
540 769 771 827 fortuna
812 760 1004 821 valuit.
2292 776 2320 829 5

328 864 551 924 XXXI.
594 856 897 918 Ambiorix
942 851 1145 927 copias
1191 866 1323 907 suas
1378 845 1676 905 iudicione
1727 861 1848 902 non
1896 841 2261 913 conduxerit,

243 954 418 1032 quod
459 952 683 1031 proelio
728 944 1133 1007 dimicandum
1175 958 1296 999 non
1340 935 1693 1009 existimarit,
1737 952 1814 992 an
1856 943 2118 1009 tempore
2160 950 2259 991 ex-

244 1047 445 1106 clusus
467 1054 528 1103 et
546 1042 857 1118 repentino
878 1038 1143 1114 equitum
1164 1033 1422 1091 adventu
1452 1026 1792 1104 prohibituS,
1817 1042 1953 1082 cum
1975 1024 2261 1098 reliquum

247 1138 577 1210 exercitum
606 1132 882 1208 subsequi
910 1127 1191 1198 crederet,
1226 1121 1472 1181 dubium
1500 1126 1605 1177 est.
1680 1115 1798 1175 Sed
1825 1125 1981 1173 certe
2011 1114 2262 1173 dimissis

248 1247 357 1305 per
403 1244 573 1303 agros
617 1224 834 1284 nuntiis
878 1222 987 1281 sibi
1032 1232 1329 1295 quemque
1382 1210 1684 1269 consulere
1729 1207 1909 1266 iussit.
1993 1206 2261 1281 Quorum
2292 1239 2345 1279 10.

248 1338 386 1396 pars
414 1318 475 1377 in
504 1316 882 1375 Arduennam
922 1313 1140 1382 silvam,
1171 1324 1303 1385 pars
1341 1305 1402 1361 in
1437 1300 1804 1359 continentes
1846 1296 2087 1374 paludes
2127 1314 2288 1373 pro·-⁴

253 1410 436 1487 fugit3
483 1408 583 1485 qui
611 1406 859 1483 proximi
888 1404 1135 1464 Oceano
1162 1401 1410 1467 fuerunt,
1442 1392 1502 1451 hi
1531 1390 1728 1449 insulis
1765 1406 1892 1447 sese
1935 1388 2259 1447 occultave-

252 1511 407 1573 runt,
451 1518 596 1575 quas
637 1507 829 1555 aestus
872 1496 1102 1553 efficere
1144 1498 1504 1550 consuerunt
1523 1506 1541 1559 3
1586 1481 1750 1541 multi
1789 1498 1864 1537 ex
1900 1480 2016 1537 suis
2054 1478 2264 1537 finibus

254 1592 472 1667 egressi
495 1608 555 1649 se
580 1605 799 1663 suaque
824 1587 1023 1645 omnia
1042 1582 1403 1642 alienissimis
1424 1573 1818 1637 crediderunt.
1892 1569 2262 1641 CatuvolcuS,

254 1702 360 1742 rex
403 1681 679 1741 dimidiae
719 1678 893 1754 partis
925 1678 1286 1743 Eburonum,
1316 1673 1420 1749 qui
1447 1690 1566 1730 una
1593 1689 1731 1728 cum
1759 1668 2095 1743 Ambiorige
2123 1684 2264 1724 con·
2297 1684 2355 1739 15

254 1774 449 1833 silium
496 1772 718 1842 inierat,
761 1778 946 1826 aetate
989 1768 1105 1824 iam
1148 1765 1468 1833 confectuS‚
1513 1780 1650 1819 cum
1692 1759 1951 1819 laborem
1993 1757 2126 1827 belli
2167 1767 2266 1815 aut

256 1865 429 1940 fugae
472 1862 614 1920 ferre
658 1878 780 1919 non
821 1867 1037 1934 posset,
1081 1856 1350 1914 omnibus
1391 1853 1662 1929 precibus
1705 1850 2026 1909 detestatus
2066 1846 2264 1907 Ambi-

255 1956 503 2031 origem,
533 1953 636 2028 qui
670 1952 792 2009 eius
830 1948 1054 2008 consilii
1094 1956 1298 2005 auctor
1338 1945 1554 2016 fuisset,
1585 1953 1740 2014 tax0,
1771 1940 1939 1999 cuius
1967 1956 2181 2015 magna
2207 1938 2266 1997 in
2293 1957 2296 1960 ·

257 2045 451 2106 Gallia
480 2042 911 2117 Germaniaque
941 2038 1115 2114 copia
1141 2045 1247 2110 est,
1277 2054 1340 2094 se
1369 2034 1739 2093 exanimavit.

336 2136 595 2196 XXXII.
638 2132 812 2208 Segni
851 2130 1279 2204 Condrusique,
1309 2145 1386 2185 ex
1424 2136 1598 2202 gente
1641 2136 1702 2184 et
1743 2143 1991 2184 numero
2021 2125 2263 2185 Germa-
2295 2151 2358 2189 20

255 2245 491 2297 norum,
538 2225 636 2300 qui
695 2231 829 2281 sunt
882 2223 1033 2279 inter
1088 2220 1395 2278 Eburones
1441 2219 1866 2293 Treverosque,
1913 2217 2135 2292 legatos
2189 2215 2267 2276 ad

258 2319 574 2380 Caesarem
617 2315 897 2372 miserunt
938 2321 1183 2381 oratum,
1212 2327 1289 2367 ne
1318 2327 1380 2368 se
1411 2309 1472 2366 in
1511 2309 1764 2368 hostium
1805 2327 2051 2368 numero
2087 2307 2265 2367 duce·

257 2418 347 2469 ret
392 2425 542 2466 neve
589 2405 853 2464 omnium
899 2404 1346 2471 Germanorum,
1393 2399 1496 2475 qui
1544 2410 1740 2458 essent
1789 2401 1932 2459 citra
1972 2400 2267 2470 Rhenum,

258 2518 438 2558 unam
485 2515 613 2556 esse
658 2513 895 2553 causam
952 2492 1270 2550 iudicaret:
1328 2491 1473 2549 nihil
1519 2509 1580 2550 se
1633 2491 1708 2550 de
1759 2491 1914 2550 bello
1963 2490 2266 2566 cogitasse,

258 2591 417 2650 nulla
443 2587 762 2662 Ambiorigi
804 2583 1016 2643 auxilia
1058 2583 1292 2672 misisse.
1382 2583 1599 2642 Caesar
1643 2585 1943 2659 explorata
1984 2601 2046 2640 re
2088 2598 2266 2658 quae·
2299 2608 2357 2662 25

258 2683 449 2741 stione
506 2678 886 2754 captivorum,
936 2675 985 2733 si
1034 2674 1135 2749 qui
1184 2673 1259 2731 ad
1309 2692 1412 2734 eos
1466 2677 1774 2734 Eburones
1821 2693 1894 2733 ex
1940 2674 2074 2749 fuga
2127 2691 2270 2732 con-

259 2773 575 2841 venissent,
614 2768 690 2827 ad
732 2786 795 2826 se
837 2777 901 2825 ut
941 2765 1371 2838 reducerentur,
1404 2767 1744 2842 imperavit3
1791 2767 1838 2825 si
1868 2767 1948 2824 ita
1976 2764 2266 2836 fecissent,

260 2865 407 2922 fines
437 2878 638 2920 eorum
670 2877 731 2918 se
753 2859 1095 2917 violaturum
1123 2860 1371 2934 negavit.
1443 2863 1598 2920 Turn
1628 2861 1814 2937 copiis
1843 2861 1901 2918 in
1931 2870 2046 2919 tres
2075 2868 2268 2936 partes

262 2952 579 3014 distributis
620 2948 1043 3025 impedimenta
1084 2953 1349 3009 omnium
1393 2953 1690 3028 legionum
1719 2951 2089 3010 Aduatucam
2125 2967 2268 3009 con-

262 3046 407 3106 tulit,
495 3041 570 3100 Id
597 3039 813 3098 castelli
841 3059 1061 3098 nomen
1090 3052 1194 3101 est.
1284 3045 1426 3102 Hoc
1455 3044 1574 3102 fere
1605 3052 1691 3101 est
1720 3042 1781 3101 in
1814 3041 2020 3100 mediis
2041 3041 2270 3100 Eburo·
2301 3073 2364 3127 30

261 3154 405 3195 num
434 3133 663 3204 finibu5‚
695 3133 791 3191 ubi
821 3134 1074 3193 Titurius
1103 3146 1278 3212 atque
1310 3134 1731 3194 Aurunculeius
1760 3132 2057 3192 hiemandi
2093 3150 2272 3191 causa

264 3223 675 3286 consederant.
776 3224 959 3282 Hunc
1016 3245 1152 3285 cum
1209 3226 1442 3302 reliquis
1496 3226 1668 3285 rebus
1727 3225 1923 3283 locum
1983 3223 2273 3300 probarat,

266 3329 389 3376 tum
420 3314 583 3392 quod
621 3316 933 3390 superioris
975 3319 1112 3376 anni
1155 3317 1508 3375 munitiones
1557 3317 1811 3392 integrae
1851 3315 2184 3386 manebant,
2214 3322 2280 3372 ut

268 3408 513 3466 militum
553 3407 816 3465 laborem
860 3408 1201 3467 sublevaret.
1289 3406 1586 3466 Praesidio
1626 3406 2062 3482 impedimentis
2101 3403 2279 3481 legio-

267 3517 405 3558 nem
456 3497 1020 3574 quartamdecimam
1078 3499 1323 3574 reliquit,
1380 3517 1559 3557 unam
1618 3516 1692 3556 ex
1753 3497 1842 3556 his
1899 3497 2098 3568 tribuS‚
2134 3513 2279 3572 quas
2307 3519 2368 3574 35

267 3591 535 3668 proxime
565 3591 929 3666 conscriptas
957 3609 1031 3650 ex
1074 3589 1243 3650 Italia
1284 3588 1630 3648 traduxerat.
1718 3588 1788 3647 Ei
1817 3587 2033 3664 legioni
2061 3587 2278 3646 castris-

270 3699 385 3758 que
406 3683 697 3759 Quintum
712 3682 969 3742 Tullium
982 3681 1334 3742 Ciceronem
1352 3679 1615 3758 praeficit
1633 3679 2034 3754 ducentosque
2054 3677 2281 3756 equites

270 3783 543 3844 attribuit.
