<?xml version="1.0" encoding="UTF-8"?>
<!DOCTYPE html PUBLIC "-//W3C//DTD XHTML 1.0 Transitional//EN"
    "http://www.w3.org/TR/xhtml1/DTD/xhtml1-transitional.dtd">
<html xmlns="http://www.w3.org/1999/xhtml" xml:lang="en" lang="en">
 <head>
  <title>
</title>
<meta http-equiv="Content-Type" content="text/html;charset=utf-8" />
  <meta name='ocr-system' content='tesseract 3.04.00' />
  <meta name='ocr-capabilities' content='ocr_page ocr_carea ocr_par ocr_line ocrx_word'/>
</head>
<body>
  <div class='ocr_page' id='page_1' title='image "./ciulicaesarisde00kelsgoog_0180.png"; bbox 0 0 2796 4207; ppageno 0'>
   <div class='ocr_carea' id='block_1_1' title="bbox 437 218 1899 293">
    <p class='ocr_par' dir='ltr' id='par_1_1' title="bbox 437 218 1899 293">
     <span class='ocr_line' id='line_1_1' title="bbox 437 218 1899 293; baseline 0.006 -9"><span class='ocrx_word' id='word_1_1' title='bbox 437 218 560 286; x_wconf 87' lang='grc'>130</span> <span class='ocrx_word' id='word_1_2' title='bbox 1088 240 1195 291; x_wconf 83' lang='lat' dir='ltr'>DE</span> <span class='ocrx_word' id='word_1_3' title='bbox 1249 240 1503 293; x_wconf 80' lang='lat' dir='ltr'>BELLo</span> <span class='ocrx_word' id='word_1_4' title='bbox 1557 239 1899 293; x_wconf 82' lang='lat' dir='ltr'>GALLlco</span> 
     </span>
    </p>
   </div>
   <div class='ocr_carea' id='block_1_2' title="bbox 470 400 2539 841">
    <p class='ocr_par' dir='ltr' id='par_1_2' title="bbox 523 400 2537 477">
     <span class='ocr_line' id='line_1_2' title="bbox 523 400 2537 477; baseline -0 -19"><span class='ocrx_word' id='word_1_5' title='bbox 523 400 698 475; x_wconf 91' lang='lat' dir='ltr'>loque</span> <span class='ocrx_word' id='word_1_6' title='bbox 728 410 864 459; x_wconf 88' lang='lat' dir='ltr'>sunt</span> <span class='ocrx_word' id='word_1_7' title='bbox 890 400 1181 476; x_wconf 89' lang='lat' dir='ltr'>promisso</span> <span class='ocrx_word' id='word_1_8' title='bbox 1215 411 1390 477; x_wconf 90' lang='lat' dir='ltr'>atque</span> <span class='ocrx_word' id='word_1_9' title='bbox 1434 401 1599 460; x_wconf 91' lang='lat' dir='ltr'>omni</span> <span class='ocrx_word' id='word_1_10' title='bbox 1635 409 1798 477; x_wconf 90' lang='lat' dir='ltr'>parte</span> <span class='ocrx_word' id='word_1_11' title='bbox 1840 400 2101 476; x_wconf 89' lang='lat' dir='ltr'>corporis</span> <span class='ocrx_word' id='word_1_12' title='bbox 2140 418 2268 458; x_wconf 90' lang='lat' dir='ltr'>rasa</span> <span class='ocrx_word' id='word_1_13' title='bbox 2308 407 2537 475; x_wconf 90' lang='lat' dir='ltr'>praeter</span> 
     </span>
    </p>

    <p class='ocr_par' dir='ltr' id='par_1_3' title="bbox 525 489 2532 567">
     <span class='ocr_line' id='line_1_3' title="bbox 525 489 2532 567; baseline -0.001 -18"><span class='ocrx_word' id='word_1_14' title='bbox 525 500 704 566; x_wconf 88' lang='lat' dir='ltr'>caput</span> <span class='ocrx_word' id='word_1_15' title='bbox 733 500 792 550; x_wconf 90' lang='lat' dir='ltr'>et</span> <span class='ocrx_word' id='word_1_16' title='bbox 820 490 1044 550; x_wconf 88' lang='lat' dir='ltr'>labrum</span> <span class='ocrx_word' id='word_1_17' title='bbox 1073 492 1354 567; x_wconf 79' lang='lat' dir='ltr'>superius·</span> <span class='ocrx_word' id='word_1_18' title='bbox 1439 492 1667 551; x_wconf 84' lang='lat' dir='ltr'>Uxores</span> <span class='ocrx_word' id='word_1_19' title='bbox 1710 491 1928 550; x_wconf 88' lang='lat' dir='ltr'>habent</span> <span class='ocrx_word' id='word_1_20' title='bbox 1968 490 2109 549; x_wconf 90' lang='lat' dir='ltr'>deni</span> <span class='ocrx_word' id='word_1_21' title='bbox 2150 489 2532 565; x_wconf 87' lang='lat' dir='ltr'>duodenique</span> 
     </span>
    </p>

    <p class='ocr_par' dir='ltr' id='par_1_4' title="bbox 525 580 2535 656">
     <span class='ocr_line' id='line_1_4' title="bbox 525 580 2535 656; baseline -0 -17"><span class='ocrx_word' id='word_1_22' title='bbox 525 583 673 641; x_wconf 91' lang='lat' dir='ltr'>inter</span> <span class='ocrx_word' id='word_1_23' title='bbox 700 599 764 640; x_wconf 88' lang='lat' dir='ltr'>se</span> <span class='ocrx_word' id='word_1_24' title='bbox 794 599 1160 655; x_wconf 88' lang='lat' dir='ltr'>communes,</span> <span class='ocrx_word' id='word_1_25' title='bbox 1184 592 1243 642; x_wconf 88' lang='lat' dir='ltr'>et</span> <span class='ocrx_word' id='word_1_26' title='bbox 1271 582 1524 641; x_wconf 83' lang='lat' dir='ltr'>maxime</span> <span class='ocrx_word' id='word_1_27' title='bbox 1555 582 1752 640; x_wconf 88' lang='lat' dir='ltr'>fratres</span> <span class='ocrx_word' id='word_1_28' title='bbox 1780 600 1916 640; x_wconf 90' lang='lat' dir='ltr'>cum</span> <span class='ocrx_word' id='word_1_29' title='bbox 1943 580 2208 639; x_wconf 87' lang='lat' dir='ltr'>fratribus</span> <span class='ocrx_word' id='word_1_30' title='bbox 2236 590 2535 656; x_wconf 86' lang='lat' dir='ltr'>parentes-</span> 
     </span>
    </p>

    <p class='ocr_par' dir='ltr' id='par_1_5' title="bbox 470 671 2539 841">
     <span class='ocr_line' id='line_1_5' title="bbox 524 671 2539 749; baseline -0.001 -18"><span class='ocrx_word' id='word_1_31' title='bbox 524 691 640 749; x_wconf 90' lang='lat' dir='ltr'>que</span> <span class='ocrx_word' id='word_1_32' title='bbox 681 691 815 732; x_wconf 90' lang='lat' dir='ltr'>cum</span> <span class='ocrx_word' id='word_1_33' title='bbox 850 674 1043 733; x_wconf 92' lang='lat' dir='ltr'>liberis</span> <span class='ocrx_word' id='word_1_34' title='bbox 1064 694 1083 748; x_wconf 80' lang='lat'>3</span> <span class='ocrx_word' id='word_1_35' title='bbox 1125 673 1231 733; x_wconf 92' lang='lat' dir='ltr'>sed</span> <span class='ocrx_word' id='word_1_36' title='bbox 1259 674 1308 733; x_wconf 90' lang='lat' dir='ltr'>si</span> <span class='ocrx_word' id='word_1_37' title='bbox 1335 674 1437 749; x_wconf 90' lang='lat' dir='ltr'>qui</span> <span class='ocrx_word' id='word_1_38' title='bbox 1466 683 1601 733; x_wconf 93' lang='lat' dir='ltr'>sunt</span> <span class='ocrx_word' id='word_1_39' title='bbox 1628 692 1702 731; x_wconf 91' lang='lat' dir='ltr'>ex</span> <span class='ocrx_word' id='word_1_40' title='bbox 1729 672 1817 731; x_wconf 92' lang='lat' dir='ltr'>his</span> <span class='ocrx_word' id='word_1_41' title='bbox 1847 672 1985 743; x_wconf 91' lang='lat' dir='ltr'>nati,</span> <span class='ocrx_word' id='word_1_42' title='bbox 2016 685 2219 730; x_wconf 90' lang='lat' dir='ltr'>eorum</span> <span class='ocrx_word' id='word_1_43' title='bbox 2249 671 2539 731; x_wconf 86' lang='lat' dir='ltr'>habentur</span> 
     </span>
     <span class='ocr_line' id='line_1_6' title="bbox 470 762 2046 841; baseline 0 -21"><span class='ocrx_word' id='word_1_44' title='bbox 470 775 498 828; x_wconf 82' lang='lat'><strong>5</strong></span> <span class='ocrx_word' id='word_1_45' title='bbox 523 763 704 835; x_wconf 89' lang='lat' dir='ltr'>liberi,</span> <span class='ocrx_word' id='word_1_46' title='bbox 735 781 854 839; x_wconf 92' lang='lat' dir='ltr'>quo</span> <span class='ocrx_word' id='word_1_47' title='bbox 885 764 1136 841; x_wconf 85' lang='lat' dir='ltr'>primurn</span> <span class='ocrx_word' id='word_1_48' title='bbox 1166 764 1327 840; x_wconf 88' lang='lat' dir='ltr'>virgo</span> <span class='ocrx_word' id='word_1_49' title='bbox 1354 781 1624 840; x_wconf 89' lang='lat' dir='ltr'>quaeque</span> <span class='ocrx_word' id='word_1_50' title='bbox 1654 762 1914 821; x_wconf 91' lang='lat' dir='ltr'>deducta</span> <span class='ocrx_word' id='word_1_51' title='bbox 1940 772 2046 821; x_wconf 91' lang='lat' dir='ltr'>est.</span> 
     </span>
    </p>
   </div>
   <div class='ocr_carea' id='block_1_3' title="bbox 605 910 2450 986">
    <p class='ocr_par' dir='ltr' id='par_1_6' title="bbox 605 910 2450 986">
     <span class='ocr_line' id='line_1_7' title="bbox 605 910 2450 986; baseline -0.002 -19"><span class='ocrx_word' id='word_1_52' title='bbox 605 916 660 967; x_wconf 94' lang='lat' dir='ltr'><em>T</em></span> <span class='ocrx_word' id='word_1_53' title='bbox 650 913 836 986; x_wconf 75' lang='lat' dir='ltr'>houglz</span> <span class='ocrx_word' id='word_1_54' title='bbox 864 914 956 969; x_wconf 78' lang='lat' dir='ltr'>tlte</span> <span class='ocrx_word' id='word_1_55' title='bbox 979 914 1216 969; x_wconf 81' lang='lat' dir='ltr'>Britons</span> <span class='ocrx_word' id='word_1_56' title='bbox 1241 915 1410 968; x_wconf 80' lang='lat' dir='ltr'>resist</span> <span class='ocrx_word' id='word_1_57' title='bbox 1431 912 1679 983; x_wconf 58' lang='lat' dir='ltr'>bravely,</span> <span class='ocrx_word' id='word_1_58' title='bbox 1714 913 1763 966; x_wconf 89' lang='lat' dir='ltr'><em>C</em></span> <span class='ocrx_word' id='word_1_59' title='bbox 1758 929 1925 966; x_wconf 82' lang='lat' dir='ltr'>aesar</span> <span class='ocrx_word' id='word_1_60' title='bbox 1949 910 2203 965; x_wconf 78' lang='lat' dir='ltr'>marches</span> <span class='ocrx_word' id='word_1_61' title='bbox 2228 911 2450 966; x_wconf 85' lang='lat' dir='ltr'>inland.</span> 
     </span>
    </p>
   </div>
   <div class='ocr_carea' id='block_1_4' title="bbox 441 1028 2541 3546">
    <p class='ocr_par' dir='ltr' id='par_1_7' title="bbox 522 1028 2540 1381">
     <span class='ocr_line' id='line_1_8' title="bbox 603 1028 2537 1107; baseline -0.002 -16"><span class='ocrx_word' id='word_1_62' title='bbox 603 1032 728 1091; x_wconf 89' lang='lat' dir='ltr'>XV.</span> <span class='ocrx_word' id='word_1_63' title='bbox 772 1032 1016 1107; x_wconf 89' lang='lat' dir='ltr'>Equites</span> <span class='ocrx_word' id='word_1_64' title='bbox 1047 1030 1300 1091; x_wconf 88' lang='lat' dir='ltr'>hostium</span> <span class='ocrx_word' id='word_1_65' title='bbox 1323 1030 1715 1107; x_wconf 87' lang='lat' dir='ltr'>essedariique</span> <span class='ocrx_word' id='word_1_66' title='bbox 1738 1030 1944 1089; x_wconf 89' lang='lat' dir='ltr'>acriter</span> <span class='ocrx_word' id='word_1_67' title='bbox 1966 1029 2188 1106; x_wconf 88' lang='lat' dir='ltr'>proelio</span> <span class='ocrx_word' id='word_1_68' title='bbox 2211 1048 2348 1088; x_wconf 89' lang='lat' dir='ltr'>cum</span> <span class='ocrx_word' id='word_1_69' title='bbox 2370 1028 2537 1106; x_wconf 85' lang='lat' dir='ltr'>equi-</span> 
     </span>
     <span class='ocr_line' id='line_1_9' title="bbox 522 1119 2539 1193; baseline -0.001 -11"><span class='ocrx_word' id='word_1_70' title='bbox 522 1132 644 1182; x_wconf 89' lang='lat' dir='ltr'>tatu</span> <span class='ocrx_word' id='word_1_71' title='bbox 687 1133 885 1181; x_wconf 90' lang='lat' dir='ltr'>nostro</span> <span class='ocrx_word' id='word_1_72' title='bbox 928 1124 987 1180; x_wconf 93' lang='lat' dir='ltr'>in</span> <span class='ocrx_word' id='word_1_73' title='bbox 1029 1123 1230 1182; x_wconf 90' lang='lat' dir='ltr'>itinere</span> <span class='ocrx_word' id='word_1_74' title='bbox 1273 1122 1676 1193; x_wconf 88' lang='lat' dir='ltr'>conflixerunt,</span> <span class='ocrx_word' id='word_1_75' title='bbox 1707 1131 1903 1179; x_wconf 91' lang='lat' dir='ltr'>tamen</span> <span class='ocrx_word' id='word_1_76' title='bbox 1935 1132 1997 1178; x_wconf 90' lang='lat' dir='ltr'>ut</span> <span class='ocrx_word' id='word_1_77' title='bbox 2039 1120 2219 1179; x_wconf 89' lang='lat' dir='ltr'><strong>nostri</strong></span> <span class='ocrx_word' id='word_1_78' title='bbox 2260 1119 2539 1179; x_wconf 86' lang='lat' dir='ltr'>omnibus</span> 
     </span>
     <span class='ocr_line' id='line_1_10' title="bbox 522 1210 2540 1289; baseline -0.001 -17"><span class='ocrx_word' id='word_1_79' title='bbox 522 1214 778 1289; x_wconf 88' lang='lat' dir='ltr'>partibus</span> <span class='ocrx_word' id='word_1_80' title='bbox 821 1214 1146 1289; x_wconf 84' lang='lat' dir='ltr'>superiores</span> <span class='ocrx_word' id='word_1_81' title='bbox 1192 1212 1403 1272; x_wconf 87' lang='lat' dir='ltr'>fuerint</span> <span class='ocrx_word' id='word_1_82' title='bbox 1432 1222 1606 1288; x_wconf 90' lang='lat' dir='ltr'>atque</span> <span class='ocrx_word' id='word_1_83' title='bbox 1636 1228 1738 1270; x_wconf 93' lang='lat' dir='ltr'>eos</span> <span class='ocrx_word' id='word_1_84' title='bbox 1769 1211 1828 1269; x_wconf 91' lang='lat' dir='ltr'>in</span> <span class='ocrx_word' id='word_1_85' title='bbox 1856 1211 2021 1269; x_wconf 87' lang='lat' dir='ltr'>silvas</span> <span class='ocrx_word' id='word_1_86' title='bbox 2051 1210 2348 1286; x_wconf 92' lang='lat' dir='ltr'>collesque</span> <span class='ocrx_word' id='word_1_87' title='bbox 2376 1227 2540 1269; x_wconf 91' lang='lat' dir='ltr'>com-</span> 
     </span>
     <span class='ocr_line' id='line_1_11' title="bbox 524 1300 2539 1381; baseline -0.002 -18"><span class='ocrx_word' id='word_1_88' title='bbox 524 1304 812 1380; x_wconf 84' lang='lat' dir='ltr'>pulerint3</span> <span class='ocrx_word' id='word_1_89' title='bbox 855 1303 964 1363; x_wconf 90' lang='lat' dir='ltr'>sed</span> <span class='ocrx_word' id='word_1_90' title='bbox 996 1303 1392 1381; x_wconf 87' lang='lat' dir='ltr'>compluribus</span> <span class='ocrx_word' id='word_1_91' title='bbox 1432 1302 1747 1361; x_wconf 86' lang='lat' dir='ltr'>interfectis</span> <span class='ocrx_word' id='word_1_92' title='bbox 1786 1300 2055 1377; x_wconf 90' lang='lat' dir='ltr'>cupidius</span> <span class='ocrx_word' id='word_1_93' title='bbox 2096 1300 2345 1360; x_wconf 90' lang='lat' dir='ltr'>insecuti</span> <span class='ocrx_word' id='word_1_94' title='bbox 2384 1318 2539 1359; x_wconf 89' lang='lat' dir='ltr'>non·</span> 
     </span>
    </p>

    <p class='ocr_par' dir='ltr' id='par_1_8' title="bbox 444 1391 2541 1834">
     <span class='ocr_line' id='line_1_12' title="bbox 444 1391 2537 1468; baseline -0.002 -15"><span class='ocrx_word' id='word_1_95' title='bbox 444 1420 500 1455; x_wconf 85' lang='lat'>10</span> <span class='ocrx_word' id='word_1_96' title='bbox 524 1395 711 1453; x_wconf 88' lang='lat' dir='ltr'>nullos</span> <span class='ocrx_word' id='word_1_97' title='bbox 760 1413 832 1454; x_wconf 91' lang='lat' dir='ltr'>ex</span> <span class='ocrx_word' id='word_1_98' title='bbox 877 1395 993 1453; x_wconf 86' lang='lat' dir='ltr'>suis</span> <span class='ocrx_word' id='word_1_99' title='bbox 1039 1394 1370 1454; x_wconf 89' lang='lat' dir='ltr'>amiserunt.</span> <span class='ocrx_word' id='word_1_100' title='bbox 1456 1395 1534 1452; x_wconf 92' lang='lat' dir='ltr'>At</span> <span class='ocrx_word' id='word_1_101' title='bbox 1575 1392 1652 1451; x_wconf 87' lang='lat' dir='ltr'>illi</span> <span class='ocrx_word' id='word_1_102' title='bbox 1695 1391 2020 1451; x_wconf 89' lang='lat' dir='ltr'>intermisso</span> <span class='ocrx_word' id='word_1_103' title='bbox 2068 1391 2276 1468; x_wconf 82' lang='lat' dir='ltr'>spatiO‚</span> <span class='ocrx_word' id='word_1_104' title='bbox 2318 1392 2537 1467; x_wconf 91' lang='lat' dir='ltr'>impru-</span> 
     </span>
     <span class='ocr_line' id='line_1_13' title="bbox 525 1481 2537 1562; baseline -0.001 -19"><span class='ocrx_word' id='word_1_105' title='bbox 525 1484 796 1544; x_wconf 91' lang='lat' dir='ltr'>dentibus</span> <span class='ocrx_word' id='word_1_106' title='bbox 854 1486 1065 1544; x_wconf 91' lang='lat' dir='ltr'>nostris</span> <span class='ocrx_word' id='word_1_107' title='bbox 1120 1495 1298 1562; x_wconf 91' lang='lat' dir='ltr'>atque</span> <span class='ocrx_word' id='word_1_108' title='bbox 1354 1483 1657 1559; x_wconf 89' lang='lat' dir='ltr'>occupatis</span> <span class='ocrx_word' id='word_1_109' title='bbox 1708 1483 1768 1541; x_wconf 90' lang='lat' dir='ltr'>in</span> <span class='ocrx_word' id='word_1_110' title='bbox 1817 1481 2139 1541; x_wconf 89' lang='lat' dir='ltr'>munitione</span> <span class='ocrx_word' id='word_1_111' title='bbox 2194 1492 2537 1555; x_wconf 85' lang='lat' dir='ltr'>castrorum,</span> 
     </span>
     <span class='ocr_line' id='line_1_14' title="bbox 525 1572 2541 1651; baseline -0.001 -16"><span class='ocrx_word' id='word_1_112' title='bbox 525 1576 717 1636; x_wconf 88' lang='lat' dir='ltr'>subito</span> <span class='ocrx_word' id='word_1_113' title='bbox 747 1593 809 1635; x_wconf 91' lang='lat' dir='ltr'>se</span> <span class='ocrx_word' id='word_1_114' title='bbox 839 1594 912 1634; x_wconf 91' lang='lat' dir='ltr'>ex</span> <span class='ocrx_word' id='word_1_115' title='bbox 941 1576 1090 1635; x_wconf 91' lang='lat' dir='ltr'>silvis</span> <span class='ocrx_word' id='word_1_116' title='bbox 1121 1576 1421 1635; x_wconf 89' lang='lat' dir='ltr'>eiecerunt</span> <span class='ocrx_word' id='word_1_117' title='bbox 1450 1576 1793 1651; x_wconf 88' lang='lat' dir='ltr'>impetuque</span> <span class='ocrx_word' id='word_1_118' title='bbox 1824 1572 1887 1631; x_wconf 90' lang='lat' dir='ltr'>in</span> <span class='ocrx_word' id='word_1_119' title='bbox 1914 1590 2017 1631; x_wconf 92' lang='lat' dir='ltr'>eos</span> <span class='ocrx_word' id='word_1_120' title='bbox 2046 1576 2219 1647; x_wconf 88' lang='lat' dir='ltr'>fact0,</span> <span class='ocrx_word' id='word_1_121' title='bbox 2243 1572 2342 1648; x_wconf 92' lang='lat' dir='ltr'>qui</span> <span class='ocrx_word' id='word_1_122' title='bbox 2372 1583 2541 1633; x_wconf 88' lang='lat' dir='ltr'>erant</span> 
     </span>
     <span class='ocr_line' id='line_1_15' title="bbox 527 1661 2537 1743; baseline -0.002 -16"><span class='ocrx_word' id='word_1_123' title='bbox 527 1669 588 1727; x_wconf 93' lang='lat' dir='ltr'>in</span> <span class='ocrx_word' id='word_1_124' title='bbox 617 1667 864 1726; x_wconf 90' lang='lat' dir='ltr'>statione</span> <span class='ocrx_word' id='word_1_125' title='bbox 893 1684 1001 1743; x_wconf 92' lang='lat' dir='ltr'>pro</span> <span class='ocrx_word' id='word_1_126' title='bbox 1031 1668 1229 1725; x_wconf 89' lang='lat' dir='ltr'>castris</span> <span class='ocrx_word' id='word_1_127' title='bbox 1271 1666 1555 1737; x_wconf 91' lang='lat' dir='ltr'>collocati,</span> <span class='ocrx_word' id='word_1_128' title='bbox 1588 1664 1795 1722; x_wconf 89' lang='lat' dir='ltr'>acriter</span> <span class='ocrx_word' id='word_1_129' title='bbox 1832 1672 2249 1739; x_wconf 88' lang='lat' dir='ltr'>pugnaverunt,</span> <span class='ocrx_word' id='word_1_130' title='bbox 2282 1661 2537 1723; x_wconf 89' lang='lat' dir='ltr'>duabus-</span> 
     </span>
     <span class='ocr_line' id='line_1_16' title="bbox 526 1753 2540 1834; baseline -0.001 -17"><span class='ocrx_word' id='word_1_131' title='bbox 526 1777 640 1834; x_wconf 90' lang='lat' dir='ltr'>que</span> <span class='ocrx_word' id='word_1_132' title='bbox 693 1758 877 1816; x_wconf 91' lang='lat' dir='ltr'>missis</span> <span class='ocrx_word' id='word_1_133' title='bbox 929 1757 1188 1816; x_wconf 91' lang='lat' dir='ltr'>subsidio</span> <span class='ocrx_word' id='word_1_134' title='bbox 1238 1756 1577 1815; x_wconf 88' lang='lat' dir='ltr'>cohortibus</span> <span class='ocrx_word' id='word_1_135' title='bbox 1614 1775 1649 1813; x_wconf 88' lang='lat' dir='ltr'>a</span> <span class='ocrx_word' id='word_1_136' title='bbox 1694 1756 1962 1826; x_wconf 85' lang='lat' dir='ltr'>Caesare,</span> <span class='ocrx_word' id='word_1_137' title='bbox 1993 1763 2169 1829; x_wconf 91' lang='lat' dir='ltr'>atque</span> <span class='ocrx_word' id='word_1_138' title='bbox 2207 1753 2297 1812; x_wconf 92' lang='lat' dir='ltr'>his</span> <span class='ocrx_word' id='word_1_139' title='bbox 2335 1754 2540 1830; x_wconf 91' lang='lat' dir='ltr'>primis</span> 
     </span>
    </p>

    <p class='ocr_par' dir='ltr' id='par_1_9' title="bbox 444 1844 2539 2288">
     <span class='ocr_line' id='line_1_17' title="bbox 444 1844 2539 1925; baseline -0.002 -17"><span class='ocrx_word' id='word_1_140' title='bbox 444 1864 500 1916; x_wconf 85' lang='lat'>15</span> <span class='ocrx_word' id='word_1_141' title='bbox 526 1849 821 1925; x_wconf 88' lang='lat' dir='ltr'>legionum</span> <span class='ocrx_word' id='word_1_142' title='bbox 851 1847 1117 1921; x_wconf 86' lang='lat' dir='ltr'>duarum,</span> <span class='ocrx_word' id='word_1_143' title='bbox 1148 1865 1283 1905; x_wconf 88' lang='lat' dir='ltr'>cum</span> <span class='ocrx_word' id='word_1_144' title='bbox 1314 1849 1424 1907; x_wconf 90' lang='lat' dir='ltr'>hae</span> <span class='ocrx_word' id='word_1_145' title='bbox 1462 1847 1779 1923; x_wconf 89' lang='lat' dir='ltr'>perexiguo</span> <span class='ocrx_word' id='word_1_146' title='bbox 1824 1845 2148 1904; x_wconf 87' lang='lat' dir='ltr'>intermisso</span> <span class='ocrx_word' id='word_1_147' title='bbox 2190 1844 2305 1903; x_wconf 89' lang='lat' dir='ltr'>loci</span> <span class='ocrx_word' id='word_1_148' title='bbox 2347 1844 2539 1921; x_wconf 92' lang='lat' dir='ltr'>spatio</span> 
     </span>
     <span class='ocr_line' id='line_1_18' title="bbox 527 1935 2539 2014; baseline -0.001 -16"><span class='ocrx_word' id='word_1_149' title='bbox 527 1941 675 1999; x_wconf 90' lang='lat' dir='ltr'>inter</span> <span class='ocrx_word' id='word_1_150' title='bbox 702 1957 765 1998; x_wconf 91' lang='lat' dir='ltr'>se</span> <span class='ocrx_word' id='word_1_151' title='bbox 807 1939 1216 2012; x_wconf 86' lang='lat' dir='ltr'>constitissent,</span> <span class='ocrx_word' id='word_1_152' title='bbox 1247 1956 1405 1997; x_wconf 89' lang='lat' dir='ltr'>novo</span> <span class='ocrx_word' id='word_1_153' title='bbox 1443 1955 1656 2014; x_wconf 87' lang='lat' dir='ltr'>genere</span> <span class='ocrx_word' id='word_1_154' title='bbox 1701 1954 1931 2012; x_wconf 88' lang='lat' dir='ltr'>pugnae</span> <span class='ocrx_word' id='word_1_155' title='bbox 1974 1935 2285 2011; x_wconf 88' lang='lat' dir='ltr'>perterritis</span> <span class='ocrx_word' id='word_1_156' title='bbox 2326 1936 2539 1996; x_wconf 90' lang='lat' dir='ltr'>nostris</span> 
     </span>
     <span class='ocr_line' id='line_1_19' title="bbox 528 2025 2536 2106; baseline -0.001 -18"><span class='ocrx_word' id='word_1_157' title='bbox 528 2048 635 2106; x_wconf 91' lang='lat' dir='ltr'>per</span> <span class='ocrx_word' id='word_1_158' title='bbox 662 2028 891 2087; x_wconf 89' lang='lat' dir='ltr'>medios</span> <span class='ocrx_word' id='word_1_159' title='bbox 919 2028 1302 2087; x_wconf 87' lang='lat' dir='ltr'>audacissime</span> <span class='ocrx_word' id='word_1_160' title='bbox 1325 2037 1709 2105; x_wconf 91' lang='lat' dir='ltr'>perruperunt</span> <span class='ocrx_word' id='word_1_161' title='bbox 1737 2044 1917 2101; x_wconf 91' lang='lat' dir='ltr'>seque</span> <span class='ocrx_word' id='word_1_162' title='bbox 1940 2025 2078 2084; x_wconf 90' lang='lat' dir='ltr'>inde</span> <span class='ocrx_word' id='word_1_163' title='bbox 2101 2025 2424 2085; x_wconf 88' lang='lat' dir='ltr'>incolumes</span> <span class='ocrx_word' id='word_1_164' title='bbox 2444 2045 2536 2086; x_wconf 89' lang='lat' dir='ltr'>re-</span> 
     </span>
     <span class='ocr_line' id='line_1_20' title="bbox 529 2118 2535 2197; baseline -0.001 -17"><span class='ocrx_word' id='word_1_165' title='bbox 529 2131 830 2197; x_wconf 89' lang='lat' dir='ltr'>ceperunt.</span> <span class='ocrx_word' id='word_1_166' title='bbox 903 2122 994 2180; x_wconf 91' lang='lat' dir='ltr'>Eo</span> <span class='ocrx_word' id='word_1_167' title='bbox 1023 2120 1118 2179; x_wconf 90' lang='lat' dir='ltr'>die</span> <span class='ocrx_word' id='word_1_168' title='bbox 1143 2121 1396 2195; x_wconf 89' lang='lat' dir='ltr'>Quintus</span> <span class='ocrx_word' id='word_1_169' title='bbox 1427 2119 1702 2179; x_wconf 86' lang='lat' dir='ltr'>Laberius</span> <span class='ocrx_word' id='word_1_170' title='bbox 1733 2121 1946 2192; x_wconf 80' lang='lat' dir='ltr'>DuruS,</span> <span class='ocrx_word' id='word_1_171' title='bbox 1976 2118 2238 2177; x_wconf 91' lang='lat' dir='ltr'>tribunus</span> <span class='ocrx_word' id='word_1_172' title='bbox 2268 2119 2535 2196; x_wconf 89' lang='lat' dir='ltr'>militum,</span> 
     </span>
     <span class='ocr_line' id='line_1_21' title="bbox 529 2209 2437 2288; baseline 0 -18"><span class='ocrx_word' id='word_1_173' title='bbox 529 2211 884 2270; x_wconf 88' lang='lat' dir='ltr'>interficitur.</span> <span class='ocrx_word' id='word_1_174' title='bbox 969 2212 1058 2270; x_wconf 86' lang='lat' dir='ltr'>Illi</span> <span class='ocrx_word' id='word_1_175' title='bbox 1087 2211 1344 2288; x_wconf 90' lang='lat' dir='ltr'>pluribus</span> <span class='ocrx_word' id='word_1_176' title='bbox 1373 2211 1670 2270; x_wconf 89' lang='lat' dir='ltr'>submissis</span> <span class='ocrx_word' id='word_1_177' title='bbox 1699 2209 2035 2270; x_wconf 90' lang='lat' dir='ltr'>cohortibus</span> <span class='ocrx_word' id='word_1_178' title='bbox 2064 2209 2437 2286; x_wconf 86' lang='lat' dir='ltr'>repelluntur.</span> 
     </span>
    </p>

    <p class='ocr_par' dir='ltr' id='par_1_10' title="bbox 441 2301 2535 2744">
     <span class='ocr_line' id='line_1_22' title="bbox 441 2301 2533 2388; baseline -0 -24"><span class='ocrx_word' id='word_1_179' title='bbox 441 2327 518 2388; x_wconf 68' lang='lat'>20¹</span> <span class='ocrx_word' id='word_1_180' title='bbox 608 2303 769 2360; x_wconf 90' lang='lat' dir='ltr'><strong>XVI.</strong></span> <span class='ocrx_word' id='word_1_181' title='bbox 811 2303 964 2362; x_wconf 91' lang='lat' dir='ltr'>Toto</span> <span class='ocrx_word' id='word_1_182' title='bbox 995 2301 1110 2361; x_wconf 94' lang='lat' dir='ltr'>hoc</span> <span class='ocrx_word' id='word_1_183' title='bbox 1139 2302 1200 2360; x_wconf 89' lang='lat' dir='ltr'>in</span> <span class='ocrx_word' id='word_1_184' title='bbox 1226 2319 1441 2378; x_wconf 88' lang='lat' dir='ltr'>genere</span> <span class='ocrx_word' id='word_1_185' title='bbox 1469 2319 1719 2378; x_wconf 89' lang='lat' dir='ltr'>pugnae,</span> <span class='ocrx_word' id='word_1_186' title='bbox 1750 2321 1886 2361; x_wconf 91' lang='lat' dir='ltr'>cum</span> <span class='ocrx_word' id='word_1_187' title='bbox 1916 2304 2025 2363; x_wconf 90' lang='lat' dir='ltr'>sub</span> <span class='ocrx_word' id='word_1_188' title='bbox 2052 2304 2236 2364; x_wconf 90' lang='lat' dir='ltr'>oculis</span> <span class='ocrx_word' id='word_1_189' title='bbox 2269 2304 2533 2364; x_wconf 85' lang='lat' dir='ltr'>omnium</span> 
     </span>
     <span class='ocr_line' id='line_1_23' title="bbox 530 2393 2535 2472; baseline 0.001 -21"><span class='ocrx_word' id='word_1_190' title='bbox 530 2411 600 2451; x_wconf 90' lang='lat' dir='ltr'>ac</span> <span class='ocrx_word' id='word_1_191' title='bbox 642 2411 750 2469; x_wconf 89' lang='lat' dir='ltr'>pro</span> <span class='ocrx_word' id='word_1_192' title='bbox 792 2393 990 2451; x_wconf 90' lang='lat' dir='ltr'>castris</span> <span class='ocrx_word' id='word_1_193' title='bbox 1039 2393 1428 2464; x_wconf 89' lang='lat' dir='ltr'>dimicaretur,</span> <span class='ocrx_word' id='word_1_194' title='bbox 1472 2393 1831 2452; x_wconf 89' lang='lat' dir='ltr'>intellectum</span> <span class='ocrx_word' id='word_1_195' title='bbox 1873 2404 1980 2468; x_wconf 89' lang='lat' dir='ltr'>est,</span> <span class='ocrx_word' id='word_1_196' title='bbox 2024 2406 2252 2455; x_wconf 90' lang='lat' dir='ltr'>nostros</span> <span class='ocrx_word' id='word_1_197' title='bbox 2296 2404 2535 2472; x_wconf 91' lang='lat' dir='ltr'>propter</span> 
     </span>
     <span class='ocr_line' id='line_1_24' title="bbox 530 2483 2535 2562; baseline 0.001 -21"><span class='ocrx_word' id='word_1_198' title='bbox 530 2484 868 2559; x_wconf 88' lang='lat' dir='ltr'>gravitatem</span> <span class='ocrx_word' id='word_1_199' title='bbox 909 2501 1218 2555; x_wconf 86' lang='lat' dir='ltr'>armorum,</span> <span class='ocrx_word' id='word_1_200' title='bbox 1259 2483 1422 2559; x_wconf 93' lang='lat' dir='ltr'>quod</span> <span class='ocrx_word' id='word_1_201' title='bbox 1463 2501 1655 2560; x_wconf 91' lang='lat' dir='ltr'>neque</span> <span class='ocrx_word' id='word_1_202' title='bbox 1698 2485 1927 2562; x_wconf 90' lang='lat' dir='ltr'>insequi</span> <span class='ocrx_word' id='word_1_203' title='bbox 1968 2485 2249 2545; x_wconf 89' lang='lat' dir='ltr'>cedentes</span> <span class='ocrx_word' id='word_1_204' title='bbox 2293 2495 2535 2562; x_wconf 88' lang='lat' dir='ltr'>possent</span> 
     </span>
     <span class='ocr_line' id='line_1_25' title="bbox 529 2574 2535 2654; baseline 0.002 -22"><span class='ocrx_word' id='word_1_205' title='bbox 529 2593 724 2650; x_wconf 90' lang='lat' dir='ltr'>neque</span> <span class='ocrx_word' id='word_1_206' title='bbox 769 2574 844 2633; x_wconf 92' lang='lat' dir='ltr'>ab</span> <span class='ocrx_word' id='word_1_207' title='bbox 887 2574 1062 2650; x_wconf 88' lang='lat' dir='ltr'>signis</span> <span class='ocrx_word' id='word_1_208' title='bbox 1109 2574 1414 2632; x_wconf 86' lang='lat' dir='ltr'>discedere</span> <span class='ocrx_word' id='word_1_209' title='bbox 1470 2575 1772 2650; x_wconf 89' lang='lat' dir='ltr'>auderent,</span> <span class='ocrx_word' id='word_1_210' title='bbox 1824 2576 2016 2635; x_wconf 90' lang='lat' dir='ltr'>minus</span> <span class='ocrx_word' id='word_1_211' title='bbox 2063 2587 2233 2654; x_wconf 90' lang='lat' dir='ltr'>aptos</span> <span class='ocrx_word' id='word_1_212' title='bbox 2282 2595 2411 2636; x_wconf 89' lang='lat' dir='ltr'>esse</span> <span class='ocrx_word' id='word_1_213' title='bbox 2456 2575 2535 2636; x_wconf 90' lang='lat' dir='ltr'>ad</span> 
     </span>
     <span class='ocr_line' id='line_1_26' title="bbox 531 2665 2532 2744; baseline 0.001 -20"><span class='ocrx_word' id='word_1_214' title='bbox 531 2666 701 2724; x_wconf 89' lang='lat' dir='ltr'>huius</span> <span class='ocrx_word' id='word_1_215' title='bbox 744 2666 969 2742; x_wconf 89' lang='lat' dir='ltr'>generis</span> <span class='ocrx_word' id='word_1_216' title='bbox 1019 2665 1266 2738; x_wconf 89' lang='lat' dir='ltr'>hostem,</span> <span class='ocrx_word' id='word_1_217' title='bbox 1314 2667 1539 2742; x_wconf 86' lang='lat' dir='ltr'>equites</span> <span class='ocrx_word' id='word_1_218' title='bbox 1584 2677 1781 2727; x_wconf 91' lang='lat' dir='ltr'>autem</span> <span class='ocrx_word' id='word_1_219' title='bbox 1827 2687 2045 2744; x_wconf 88' lang='lat' dir='ltr'>magno</span> <span class='ocrx_word' id='word_1_220' title='bbox 2090 2687 2227 2727; x_wconf 90' lang='lat' dir='ltr'>cum</span> <span class='ocrx_word' id='word_1_221' title='bbox 2271 2668 2532 2744; x_wconf 89' lang='lat' dir='ltr'>periculo</span> 
     </span>
    </p>

    <p class='ocr_par' dir='ltr' id='par_1_11' title="bbox 442 2758 2534 3200">
     <span class='ocr_line' id='line_1_27' title="bbox 442 2758 2531 2840; baseline 0.001 -23"><span class='ocrx_word' id='word_1_222' title='bbox 442 2787 502 2840; x_wconf 81' lang='lat'>25</span> <span class='ocrx_word' id='word_1_223' title='bbox 532 2759 752 2835; x_wconf 90' lang='lat' dir='ltr'>proelio</span> <span class='ocrx_word' id='word_1_224' title='bbox 783 2758 1078 2831; x_wconf 91' lang='lat' dir='ltr'>dimicare,</span> <span class='ocrx_word' id='word_1_225' title='bbox 1110 2769 1419 2835; x_wconf 89' lang='lat' dir='ltr'>propterea</span> <span class='ocrx_word' id='word_1_226' title='bbox 1446 2759 1610 2836; x_wconf 91' lang='lat' dir='ltr'>quod</span> <span class='ocrx_word' id='word_1_227' title='bbox 1638 2761 1717 2820; x_wconf 92' lang='lat' dir='ltr'>illi</span> <span class='ocrx_word' id='word_1_228' title='bbox 1756 2761 1931 2821; x_wconf 89' lang='lat' dir='ltr'>etiam</span> <span class='ocrx_word' id='word_1_229' title='bbox 1974 2761 2241 2821; x_wconf 91' lang='lat' dir='ltr'>consulto</span> <span class='ocrx_word' id='word_1_230' title='bbox 2282 2761 2531 2837; x_wconf 91' lang='lat' dir='ltr'>plerum-</span> 
     </span>
     <span class='ocr_line' id='line_1_28' title="bbox 532 2850 2532 2928; baseline 0.002 -20"><span class='ocrx_word' id='word_1_231' title='bbox 532 2869 646 2927; x_wconf 92' lang='lat' dir='ltr'>que</span> <span class='ocrx_word' id='word_1_232' title='bbox 690 2850 970 2909; x_wconf 89' lang='lat' dir='ltr'>cederent</span> <span class='ocrx_word' id='word_1_233' title='bbox 1013 2859 1089 2922; x_wconf 90' lang='lat' dir='ltr'>et,</span> <span class='ocrx_word' id='word_1_234' title='bbox 1129 2868 1266 2908; x_wconf 91' lang='lat' dir='ltr'>cum</span> <span class='ocrx_word' id='word_1_235' title='bbox 1307 2851 1543 2926; x_wconf 90' lang='lat' dir='ltr'>paulum</span> <span class='ocrx_word' id='word_1_236' title='bbox 1588 2852 1663 2911; x_wconf 88' lang='lat' dir='ltr'>ab</span> <span class='ocrx_word' id='word_1_237' title='bbox 1705 2852 2030 2928; x_wconf 89' lang='lat' dir='ltr'>legionibus</span> <span class='ocrx_word' id='word_1_238' title='bbox 2072 2862 2300 2912; x_wconf 90' lang='lat' dir='ltr'>nostros</span> <span class='ocrx_word' id='word_1_239' title='bbox 2341 2870 2532 2911; x_wconf 91' lang='lat' dir='ltr'>remo·</span> 
     </span>
     <span class='ocr_line' id='line_1_29' title="bbox 497 2939 2531 3020; baseline 0.001 -20"><span class='ocrx_word' id='word_1_240' title='bbox 497 3007 500 3010; x_wconf 14' lang='lat'><strong>⁴</strong></span> <span class='ocrx_word' id='word_1_241' title='bbox 531 2942 764 3014; x_wconf 89' lang='lat' dir='ltr'>vissent‚</span> <span class='ocrx_word' id='word_1_242' title='bbox 794 2959 868 3000; x_wconf 88' lang='lat' dir='ltr'>ex</span> <span class='ocrx_word' id='word_1_243' title='bbox 895 2939 1114 3000; x_wconf 89' lang='lat' dir='ltr'>essedis</span> <span class='ocrx_word' id='word_1_244' title='bbox 1157 2939 1455 3001; x_wconf 90' lang='lat' dir='ltr'>desilirent</span> <span class='ocrx_word' id='word_1_245' title='bbox 1483 2953 1543 3001; x_wconf 88' lang='lat' dir='ltr'>et</span> <span class='ocrx_word' id='word_1_246' title='bbox 1580 2943 1829 3019; x_wconf 89' lang='lat' dir='ltr'>pedibus</span> <span class='ocrx_word' id='word_1_247' title='bbox 1872 2943 2086 3020; x_wconf 89' lang='lat' dir='ltr'>dispari</span> <span class='ocrx_word' id='word_1_248' title='bbox 2126 2944 2349 3020; x_wconf 92' lang='lat' dir='ltr'>proelio</span> <span class='ocrx_word' id='word_1_249' title='bbox 2391 2962 2531 3003; x_wconf 92' lang='lat' dir='ltr'>con-</span> 
     </span>
     <span class='ocr_line' id='line_1_30' title="bbox 531 3031 2534 3108; baseline 0 -17"><span class='ocrx_word' id='word_1_250' title='bbox 531 3031 856 3092; x_wconf 83' lang='lat' dir='ltr'>tenderent.</span> <span class='ocrx_word' id='word_1_251' title='bbox 947 3032 1246 3107; x_wconf 91' lang='lat' dir='ltr'>Equestris</span> <span class='ocrx_word' id='word_1_252' title='bbox 1291 3043 1489 3091; x_wconf 89' lang='lat' dir='ltr'>autem</span> <span class='ocrx_word' id='word_1_253' title='bbox 1538 3034 1739 3108; x_wconf 88' lang='lat' dir='ltr'>proelii</span> <span class='ocrx_word' id='word_1_254' title='bbox 1786 3034 1931 3093; x_wconf 91' lang='lat' dir='ltr'>ratio</span> <span class='ocrx_word' id='word_1_255' title='bbox 1980 3044 2038 3093; x_wconf 92' lang='lat' dir='ltr'>et</span> <span class='ocrx_word' id='word_1_256' title='bbox 2087 3033 2433 3093; x_wconf 90' lang='lat' dir='ltr'>cedentibus</span> <span class='ocrx_word' id='word_1_257' title='bbox 2474 3042 2534 3092; x_wconf 88' lang='lat' dir='ltr'>et</span> 
     </span>
     <span class='ocr_line' id='line_1_31' title="bbox 531 3122 2530 3200; baseline 0 -18"><span class='ocrx_word' id='word_1_258' title='bbox 531 3123 968 3198; x_wconf 89' lang='lat' dir='ltr'>insequentibus</span> <span class='ocrx_word' id='word_1_259' title='bbox 996 3140 1101 3196; x_wconf 87' lang='lat' dir='ltr'>par</span> <span class='ocrx_word' id='word_1_260' title='bbox 1128 3131 1303 3198; x_wconf 88' lang='lat' dir='ltr'>atque</span> <span class='ocrx_word' id='word_1_261' title='bbox 1334 3122 1493 3182; x_wconf 89' lang='lat' dir='ltr'>idem</span> <span class='ocrx_word' id='word_1_262' title='bbox 1524 3124 1843 3200; x_wconf 87' lang='lat' dir='ltr'>periculum</span> <span class='ocrx_word' id='word_1_263' title='bbox 1881 3124 2179 3184; x_wconf 88' lang='lat' dir='ltr'>inferebat.</span> <span class='ocrx_word' id='word_1_264' title='bbox 2264 3123 2530 3184; x_wconf 90' lang='lat' dir='ltr'>Accede-</span> 
     </span>
    </p>

    <p class='ocr_par' dir='ltr' id='par_1_12' title="bbox 443 3214 2532 3546">
     <span class='ocr_line' id='line_1_32' title="bbox 443 3214 2531 3291; baseline 0 -18"><span class='ocrx_word' id='word_1_265' title='bbox 443 3237 504 3286; x_wconf 86' lang='lat'>30</span> <span class='ocrx_word' id='word_1_266' title='bbox 530 3214 630 3273; x_wconf 92' lang='lat' dir='ltr'>bat</span> <span class='ocrx_word' id='word_1_267' title='bbox 658 3214 792 3284; x_wconf 90' lang='lat' dir='ltr'>huc,</span> <span class='ocrx_word' id='word_1_268' title='bbox 824 3222 887 3271; x_wconf 90' lang='lat' dir='ltr'>ut</span> <span class='ocrx_word' id='word_1_269' title='bbox 914 3231 1236 3288; x_wconf 89' lang='lat' dir='ltr'>numquam</span> <span class='ocrx_word' id='word_1_270' title='bbox 1265 3215 1528 3286; x_wconf 88' lang='lat' dir='ltr'>conferti,</span> <span class='ocrx_word' id='word_1_271' title='bbox 1558 3214 1664 3274; x_wconf 90' lang='lat' dir='ltr'>sed</span> <span class='ocrx_word' id='word_1_272' title='bbox 1700 3215 1809 3274; x_wconf 85' lang='lat' dir='ltr'>rari</span> <span class='ocrx_word' id='word_1_273' title='bbox 1848 3214 2187 3291; x_wconf 86' lang='lat' dir='ltr'>magnisque</span> <span class='ocrx_word' id='word_1_274' title='bbox 2226 3215 2531 3275; x_wconf 88' lang='lat' dir='ltr'>intervallis</span> 
     </span>
     <span class='ocr_line' id='line_1_33' title="bbox 530 3304 2532 3382; baseline 0 -19"><span class='ocrx_word' id='word_1_275' title='bbox 530 3305 949 3381; x_wconf 90' lang='lat' dir='ltr'>proeliarentur</span> <span class='ocrx_word' id='word_1_276' title='bbox 1003 3305 1397 3381; x_wconf 90' lang='lat' dir='ltr'>stationesque</span> <span class='ocrx_word' id='word_1_277' title='bbox 1456 3304 1767 3382; x_wconf 87' lang='lat' dir='ltr'>dispositas</span> <span class='ocrx_word' id='word_1_278' title='bbox 1821 3306 2118 3378; x_wconf 91' lang='lat' dir='ltr'>haberent,</span> <span class='ocrx_word' id='word_1_279' title='bbox 2167 3316 2341 3382; x_wconf 88' lang='lat' dir='ltr'>atque</span> <span class='ocrx_word' id='word_1_280' title='bbox 2391 3307 2532 3365; x_wconf 90' lang='lat' dir='ltr'>alios</span> 
     </span>
     <span class='ocr_line' id='line_1_34' title="bbox 530 3395 2531 3474; baseline 0.001 -22"><span class='ocrx_word' id='word_1_281' title='bbox 530 3395 625 3452; x_wconf 90' lang='lat' dir='ltr'>alii</span> <span class='ocrx_word' id='word_1_282' title='bbox 674 3395 958 3472; x_wconf 90' lang='lat' dir='ltr'>deinceps</span> <span class='ocrx_word' id='word_1_283' title='bbox 1008 3396 1363 3472; x_wconf 84' lang='lat' dir='ltr'>exciperent,</span> <span class='ocrx_word' id='word_1_284' title='bbox 1416 3397 1738 3472; x_wconf 88' lang='lat' dir='ltr'>integrique</span> <span class='ocrx_word' id='word_1_285' title='bbox 1788 3406 1847 3455; x_wconf 91' lang='lat' dir='ltr'>et</span> <span class='ocrx_word' id='word_1_286' title='bbox 1892 3406 2159 3456; x_wconf 90' lang='lat' dir='ltr'>recentes</span> <span class='ocrx_word' id='word_1_287' title='bbox 2208 3396 2531 3474; x_wconf 89' lang='lat' dir='ltr'>defetigatis</span> 
     </span>
     <span class='ocr_line' id='line_1_35' title="bbox 531 3486 932 3546; baseline 0.005 -2"><span class='ocrx_word' id='word_1_288' title='bbox 531 3486 932 3546; x_wconf 89' lang='lat' dir='ltr'>succederent.</span> 
     </span>
    </p>
   </div>
   <div class='ocr_carea' id='block_1_5' title="bbox 444 3586 2531 3844">
    <p class='ocr_par' dir='ltr' id='par_1_13' title="bbox 444 3586 2531 3844">
     <span class='ocr_line' id='line_1_36' title="bbox 611 3586 2527 3664; baseline 0.002 -19"><span class='ocrx_word' id='word_1_289' title='bbox 611 3588 805 3646; x_wconf 92' lang='lat' dir='ltr'><strong>XVII.</strong></span> <span class='ocrx_word' id='word_1_290' title='bbox 855 3590 1092 3647; x_wconf 90' lang='lat' dir='ltr'>Postero</span> <span class='ocrx_word' id='word_1_291' title='bbox 1134 3586 1232 3646; x_wconf 91' lang='lat' dir='ltr'>die</span> <span class='ocrx_word' id='word_1_292' title='bbox 1270 3588 1476 3664; x_wconf 88' lang='lat' dir='ltr'>procul</span> <span class='ocrx_word' id='word_1_293' title='bbox 1504 3607 1539 3646; x_wconf 94' lang='lat' dir='ltr'>a</span> <span class='ocrx_word' id='word_1_294' title='bbox 1567 3590 1765 3648; x_wconf 89' lang='lat' dir='ltr'>castris</span> <span class='ocrx_word' id='word_1_295' title='bbox 1803 3588 1999 3648; x_wconf 91' lang='lat' dir='ltr'>hostes</span> <span class='ocrx_word' id='word_1_296' title='bbox 2028 3589 2089 3647; x_wconf 90' lang='lat' dir='ltr'>in</span> <span class='ocrx_word' id='word_1_297' title='bbox 2118 3588 2362 3648; x_wconf 90' lang='lat' dir='ltr'>collibus</span> <span class='ocrx_word' id='word_1_298' title='bbox 2390 3607 2527 3648; x_wconf 91' lang='lat' dir='ltr'>con·</span> 
     </span>
     <span class='ocr_line' id='line_1_37' title="bbox 444 3678 2529 3756; baseline 0 -21"><span class='ocrx_word' id='word_1_299' title='bbox 444 3697 504 3748; x_wconf 85' lang='lat'>35</span> <span class='ocrx_word' id='word_1_300' title='bbox 532 3678 796 3736; x_wconf 88' lang='lat' dir='ltr'>stiterunt</span> <span class='ocrx_word' id='word_1_301' title='bbox 837 3679 1061 3752; x_wconf 88' lang='lat' dir='ltr'>rarique</span> <span class='ocrx_word' id='word_1_302' title='bbox 1091 3697 1151 3736; x_wconf 93' lang='lat' dir='ltr'>se</span> <span class='ocrx_word' id='word_1_303' title='bbox 1193 3678 1502 3738; x_wconf 89' lang='lat' dir='ltr'>ostendere</span> <span class='ocrx_word' id='word_1_304' title='bbox 1540 3691 1601 3737; x_wconf 91' lang='lat' dir='ltr'>et</span> <span class='ocrx_word' id='word_1_305' title='bbox 1633 3679 1817 3738; x_wconf 91' lang='lat' dir='ltr'>lenius</span> <span class='ocrx_word' id='word_1_306' title='bbox 1858 3697 2035 3754; x_wconf 89' lang='lat' dir='ltr'>quam</span> <span class='ocrx_word' id='word_1_307' title='bbox 2076 3679 2262 3756; x_wconf 89' lang='lat' dir='ltr'>pridie</span> <span class='ocrx_word' id='word_1_308' title='bbox 2304 3688 2529 3739; x_wconf 89' lang='lat' dir='ltr'>nostros</span> 
     </span>
     <span class='ocr_line' id='line_1_38' title="bbox 533 3767 2531 3844; baseline 0.001 -19"><span class='ocrx_word' id='word_1_309' title='bbox 533 3767 758 3842; x_wconf 85' lang='lat' dir='ltr'>equites</span> <span class='ocrx_word' id='word_1_310' title='bbox 779 3768 1001 3842; x_wconf 90' lang='lat' dir='ltr'>proelio</span> <span class='ocrx_word' id='word_1_311' title='bbox 1024 3769 1304 3827; x_wconf 90' lang='lat' dir='ltr'>lacessere</span> <span class='ocrx_word' id='word_1_312' title='bbox 1327 3779 1667 3844; x_wconf 89' lang='lat' dir='ltr'>coeperunt.</span> <span class='ocrx_word' id='word_1_313' title='bbox 1740 3769 1854 3828; x_wconf 88' lang='lat' dir='ltr'>Sed</span> <span class='ocrx_word' id='word_1_314' title='bbox 1879 3768 2137 3841; x_wconf 89' lang='lat' dir='ltr'>meridie,</span> <span class='ocrx_word' id='word_1_315' title='bbox 2158 3787 2293 3827; x_wconf 91' lang='lat' dir='ltr'>cum</span> <span class='ocrx_word' id='word_1_316' title='bbox 2318 3769 2531 3828; x_wconf 83' lang='lat' dir='ltr'>Caesar</span> 
     </span>
    </p>
   </div>
  </div>
 </body>
</html>
