2796 4207
448 264 574 328 142
1085 274 1197 328 DE
1250 274 1504 327 BELLO
1557 271 1901 325 GALLICO

535 451 612 515 ut,
640 458 777 498 cum
812 435 1072 513 undique
1096 436 1331 493 flamma
1357 442 1708 492 torrerentur
1729 432 2098 507 maximaque
2121 431 2372 490 telorum
2398 429 2550 489 mul·

533 533 778 595 titudine
820 536 1223 606 premerentur
1264 543 1483 601 suaque
1522 524 1722 583 omnia
1748 522 2175 599 impedimenta
2213 532 2391 597 atque
2419 540 2550 581 om-

534 647 638 687 nes
666 626 925 685 fortunas
968 618 1321 694 conflagrare
1364 616 1782 693 intellegerent,
1811 632 1933 673 non
1967 613 2151 672 modo
2180 612 2553 690 demigrandi

536 737 711 778 causa
748 716 823 777 de
854 714 1001 773 vallo
1033 707 1350 769 decederet
1392 725 1589 780 nem0,
1620 705 1726 765 sed
1753 723 1943 783 paene
1971 722 2047 763 ne
2076 705 2392 780 respiceret
2419 704 2551 779 qui-

479 840 506 893 5
536 810 673 869 dem
703 810 1030 886 quisquam,
1060 822 1131 861 ac
1171 810 1297 859 tum
1326 816 1533 857 omnes
1561 798 1838 856 acerrime
1867 796 2294 871 fortissimeque
2324 813 2551 871 pugna-

536 910 680 961 rent.
766 901 888 958 Hic
930 898 1056 957 dies
1106 891 1315 951 nostris
1361 890 1535 966 longe
1583 889 1948 964 gravissimus
1992 887 2134 960 fuit3
2195 885 2302 945 sed
2351 896 2552 944 tamen

535 993 691 1051 hunc
734 991 934 1051 habuit
963 995 1255 1056 eventum,
1298 992 1362 1041 ut
1404 999 1478 1039 eo
1521 981 1617 1039 die
1647 980 1934 1037 maximus
1977 996 2252 1037 numerus
2295 978 2554 1036 hostium

534 1082 926 1142 vulneraretur
952 1091 1129 1155 atque
1170 1074 1606 1144 interficeretur,
1637 1081 1703 1130 ut
1743 1088 1807 1129 se
1849 1070 1958 1129 sub
1995 1071 2124 1145 ipso
2152 1070 2303 1127 vallo
2333 1069 2553 1127 consti-

535 1184 813 1251 paverant
852 1189 1264 1246 recessumque
1312 1166 1512 1244 primis
1562 1162 1746 1222 ultimi
1790 1179 1910 1219 non
1962 1162 2198 1220 dabant.
2305 1161 2554 1219 Paulum

454 1290 511 1325 10
537 1264 775 1342 quidem
819 1264 1143 1323 intermissa
1185 1262 1419 1320 flamma
1466 1267 1525 1315 et
1575 1254 1834 1330 quodam
1878 1253 2012 1310 loco
2061 1253 2199 1310 turri
2240 1251 2452 1311 adacta
2491 1262 2556 1311 et

537 1357 913 1433 contingente
955 1354 1185 1426 vallum,
1224 1352 1426 1411 tertiae
1472 1346 1730 1407 cohortis
1772 1343 2146 1402 centuriones
2187 1362 2264 1400 ex
2303 1361 2398 1415 e0,
2430 1362 2556 1418 quo

538 1448 783 1518 stabant,
826 1447 959 1505 loco
1007 1453 1373 1503 recesserunt
1423 1455 1677 1513 suosque
1721 1452 1930 1493 omnes
1970 1442 2360 1505 removerunt,
2404 1444 2554 1492 nutu

537 1538 897 1612 vocibusque
955 1537 1169 1607 hostes,
1227 1536 1275 1594 si
1340 1533 1574 1592 introire
1633 1528 1861 1597 vellent,
1920 1543 2129 1583 vocare
2187 1534 2552 1600 coeperunt3

540 1648 789 1705 quorum
843 1627 1117 1704 progredi
1172 1645 1343 1685 ausus
1400 1635 1488 1684 est
1535 1640 1730 1681 nemo.
1828 1619 1984 1675 Tum
2039 1634 2113 1675 ex
2168 1616 2334 1675 omni
2385 1626 2553 1692 parte

458 1734 511 1787 15
541 1720 829 1796 lapidibus
870 1720 1153 1779 coniectis
1196 1718 1503 1790 deturbati,
1546 1715 1831 1789 turrisque
1873 1726 2161 1769 succensa
2199 1717 2306 1766 est.

621 1812 834 1871 XLIV.
879 1813 1060 1870 Erant
1101 1812 1158 1869 in
1189 1829 1259 1868 ea
1295 1809 1526 1885 legione
1555 1806 1850 1867 fortissimi
1877 1804 1996 1878 viri,
2029 1806 2420 1876 centurioneS,
2449 1803 2554 1879 qui

541 1903 740 1979 primis
794 1901 1097 1961 ordinibus
1162 1901 1714 1976 appropinquarent,
1773 1896 1939 1955 Titus
1997 1894 2164 1954 Pulio
2221 1904 2280 1953 et
2336 1894 2554 1953 Lucius

542 1995 826 2053 Vorenus,
928 1994 1013 2052 Hi
1068 2000 1379 2068 perpetuas
1436 1992 1583 2049 inter
1636 2008 1698 2047 se
1757 1986 2176 2046 controversias
2233 1985 2551 2059 habebant,

544 2086 782 2162 quinam
846 2085 1241 2155 anteferretur,
1298 2083 1687 2159 omnibusque
1743 2082 1910 2141 annis
1967 2080 2045 2141 de
2100 2079 2244 2140 locis
2309 2079 2554 2140 summis

459 2200 519 2236 20
544 2177 925 2235 simultatibus
967 2174 1424 2235 contendebant.
1513 2176 1602 2232 Ex
1631 2174 1719 2233 his
1751 2175 1935 2246 Pulio‚
1965 2192 2102 2231 curn
2144 2172 2428 2231 acerrime
2473 2171 2553 2230 ad

549 2269 901 2326 munitiones
931 2276 1301 2343 pugnaretur,
1332 2270 1347 2296 ‘
1374 2266 1535 2341 Quid
1563 2266 1831 2341 dubitas‚'
1863 2269 2067 2344 inquit,
2099 2271 2114 2297 ‘
2136 2269 2415 2326 Vorene?
2454 2276 2557 2325 aut

546 2377 724 2435 quem
766 2359 961 2416 locum
1002 2368 1138 2417 tuae
1180 2357 1518 2432 probandae
1547 2359 1769 2417 virtutis
1801 2361 2147 2435 exspectas?
2193 2359 2289 2416 hic
2318 2358 2446 2417 dies
2474 2357 2554 2416 de

547 2450 756 2509 nostris
784 2450 1191 2508 controversiis
1219 2448 1539 2508 iudicabit.’
1627 2451 1800 2509 Haec
1829 2469 1966 2508 cum
1994 2451 2251 2522 dixisset,
2282 2449 2558 2526 procedit

542 2553 708 2600 extra
754 2541 1128 2612 munitioneS,
1180 2557 1449 2615 quaeque
1499 2558 1632 2617 pars
1689 2541 1940 2600 hostium
1998 2541 2419 2600 confertissima
2468 2550 2559 2600 est

461 2645 519 2696 25
548 2633 684 2704 visa,
715 2631 993 2705 irrumpit.
1081 2631 1175 2688 Ne
1203 2631 1471 2690 Vorenus
1511 2633 1752 2708 quidem
1795 2652 1923 2693 sese
1950 2633 2100 2692 vallo
2135 2633 2417 2706 continet,
2447 2633 2558 2692 sed

548 2724 813 2783 omnium
835 2722 1047 2780 veritus
1076 2721 1564 2782 existimationem
1592 2719 1977 2800 subsequitur.
2050 2722 2342 2782 Mediocri
2364 2725 2560 2799 spatio

546 2817 750 2876 relicto
780 2816 946 2874 Pulio
974 2814 1157 2891 pilum
1183 2815 1246 2873 in
1273 2814 1474 2875 hostes
1517 2818 1774 2875 immittit
1814 2829 1991 2893 atque
2032 2835 2216 2875 unum
2254 2835 2330 2874 ex
2364 2817 2558 2876 multi-

549 2907 751 2966 tudine
807 2914 1247 2982 procurrentem
1300 2907 1524 2980 traicit3
1581 2927 1702 2984 quo
1757 2926 2034 2984 percusso
2089 2915 2149 2965 et
2203 2907 2561 2979 exanimat0‚

550 2999 705 3056 hunc
760 2997 938 3056 scutis
992 3005 1323 3074 protegunt,
1381 2999 1444 3057 in
1497 2998 1726 3058 hostem
1783 2999 1899 3058 tela
1952 2998 2200 3057 universi
2257 2998 2565 3057 coniciunt

461 3121 523 3170 30
548 3106 743 3164 neque
773 3086 918 3146 dant
944 3088 1314 3164 regrediendi
1345 3090 1695 3148 facultatem.
1778 3089 2154 3164 Transfigitur
2181 3099 2416 3148 scutum
2447 3091 2560 3150 Pu-

549 3179 691 3239 lioni
720 3188 780 3238 et
803 3187 1069 3237 verutum
1098 3181 1158 3238 in
1195 3182 1387 3239 balteo
1427 3180 1714 3257 defigitur.
1798 3180 2018 3238 Avertit
2059 3179 2156 3239 hic
2197 3198 2368 3239 casus
2401 3182 2561 3256 vagi-

550 3290 689 3330 nam
719 3279 780 3330 et
813 3269 1071 3346 gladium
1116 3270 1367 3330 educere
1411 3272 1651 3331 conanti
1691 3270 1956 3330 dextram
1998 3281 2256 3330 moratur
2294 3290 2560 3340 manum,

551 3360 1020 3440 impeditumque
1062 3363 1260 3421 hostes
1302 3362 1743 3421 circumsistunt.
1831 3361 2122 3421 Succurrit
2169 3361 2439 3422 inimicus
2483 3362 2562 3420 illi

550 3454 819 3512 Vorenus
875 3464 935 3512 et
989 3453 1271 3514 laboranti
1326 3453 1608 3512 subvenit.
1694 3451 1787 3511 Ad
1841 3452 1999 3511 hunc
2053 3470 2118 3512 se
2166 3454 2480 3514 confestim
2528 3472 2564 3511 a

457 3552 519 3607 35
554 3545 797 3602 Pulione
840 3545 1031 3605 omnis
1072 3542 1386 3602 multitudo
1428 3543 1748 3614 convertit3
1791 3543 1950 3601 illum
1977 3552 2184 3602 veruto
2217 3544 2563 3604 arbitrantur

554 3636 837 3695 occisum.
923 3634 1137 3694 Gladio
1182 3634 1511 3692 comminus
1551 3651 1676 3691 rem
1715 3635 1860 3708 gerit
1899 3635 2171 3694 Vorenus
2212 3646 2390 3712 atque
2437 3653 2557 3694 uno

555 3727 863 3787 interfecto
892 3725 1147 3800 reliquos
1184 3724 1423 3799 paulum
1459 3724 1764 3798 propellit;
1809 3723 1952 3784 dum
1983 3724 2253 3801 cupidius
2279 3726 2470 3798 instat,
2501 3727 2560 3784 in

558 3819 756 3876 locum
812 3815 1073 3874 deiectus
1121 3812 1452 3871 inferiorern
1499 3811 1774 3870 concidit.
1859 3814 2022 3873 Huic
2071 3834 2262 3874 rursus
2312 3816 2555 3875 eircum-
