2796 4207
911 259 1062 313 LIB.
1109 260 1210 313 1V.
1256 258 1428 312 CAP.
1470 258 1638 312 v-X.
2222 238 2351 304 109

241 443 530 497 recusare,
561 424 610 484 si
638 426 1010 500 lacessantur,
1035 426 1378 501 quium-mis
1408 425 1787 497 contendant,
1818 424 1983 502 quod
2011 426 2255 485 Germa-

241 536 454 576 norum
497 516 870 577 consuetudo
912 517 1060 575 haec
1101 518 1173 576 sit
1212 536 1248 575 a
1286 517 1599 575 maioribus
1642 515 1867 588 tradita,
1901 516 2257 592 quicumque

239 608 462 667 bellum
516 607 782 679 inferant,
837 608 1101 666 resistere
1157 625 1351 683 neque
1409 608 1733 683 deprecari.
1820 609 1993 665 Haec
2058 617 2259 665 tamen

237 699 461 771 dicere,
503 698 732 757 venisse
774 699 1003 770 invitOS,
1047 699 1268 757 eiectos
1309 697 1531 770 dom03
1576 698 1624 757 si
1660 717 1824 757 suam
1863 698 2102 774 gratiam
2136 699 2257 757 Ro-

238 792 402 849 mani
439 790 638 861 velint,
681 807 855 865 posse
900 791 968 848 iis
1012 791 1179 849 utiles
1218 807 1345 848 esse
1384 790 1646 862 amicos3
1690 790 1781 848 vel
1818 790 1928 848 sibi
1970 807 2137 865 agros
2172 799 2255 847 at-
2288 804 2315 857 5

236 882 495 941 tribuant
535 881 629 939 vel
675 882 968 956 patiantur
1015 898 1118 939 eos
1167 890 1384 952 tenere,
1426 898 1581 956 quos
1624 880 1799 939 armis
1846 878 2251 956 possederint:

236 990 370 1030 sese
399 972 530 1031 unis
543 972 764 1031 Suebis
794 971 1145 1043 concedere,
1175 971 1384 1047 quibus
1414 989 1489 1030 ne
1520 970 1603 1029 dii
1630 970 1872 1045 quidem
1901 971 2254 1030 immortales

235 1081 410 1138 pares
440 1080 567 1122 esse
597 1072 840 1138 possent
860 1082 877 1135 ;
916 1062 1203 1138 reliquum
1231 1062 1473 1137 quidem
1502 1063 1563 1121 in
1590 1062 1752 1121 terris
1781 1079 1909 1121 esse
1936 1063 2255 1134 neminem,

234 1172 422 1231 quem
449 1172 573 1212 non
600 1171 872 1230 superare
901 1153 1144 1229 possint.

318 1246 496 1304 VIII.
541 1244 638 1303 Ad
686 1245 852 1316 haec,
899 1263 1050 1320 quae
1094 1245 1280 1303 visum
1330 1254 1437 1316 est,
1484 1244 1700 1303 Caesar
1750 1243 2093 1321 respondit,
2149 1244 2256 1303 sed
2288 1264 2346 1299 ιο

237 1337 430 1395 exitus
474 1336 579 1395 fuit
633 1337 947 1395 orationis:
1005 1336 1123 1395 Sibi
1173 1335 1388 1393 nullam
1438 1354 1576 1393 cum
1627 1335 1715 1394 his
1763 1336 2077 1394 amicitiam
2124 1353 2251 1395 esse

237 1446 436 1504 posse,
465 1428 514 1486 si
541 1428 602 1485 in
631 1428 818 1487 Gallia
857 1437 1262 1499 remanerent,
1307 1444 1501 1503 neque
1544 1444 1744 1485 verum
1788 1445 1933 1497 esse,
1974 1427 2073 1503 qui
2115 1446 2254 1487 suos

237 1520 387 1577 fines
429 1518 578 1577 tueri
618 1537 740 1579 uon
779 1518 1092 1593 potuerint,
1134 1518 1357 1576 alienos
1398 1534 1690 1594 occupare
1713 1537 1732 1590 ς,
1776 1536 1972 1593 neque
2012 1518 2157 1576 ullos
2192 1519 2253 1576 in

238 1610 434 1670 Gallia
475 1628 680 1668 vacare
724 1628 910 1685 agrOS,
957 1610 1058 1686 qui
1103 1608 1228 1668 dari
1275 1618 1472 1667 tantae
1515 1610 1853 1684 praesertim
1901 1607 2253 1668 multitudini

233 1702 366 1761 sine
408 1701 614 1760 iniuria
663 1702 927 1777 possint3
983 1700 1091 1760 sed
1131 1702 1324 1773 licere,
1367 1701 1417 1759 si
1457 1701 1654 1773 velint,
1696 1702 1758 1759 in
1799 1701 2087 1761 Ubiorum
2128 1701 2253 1759 fini·
2284 1726 2303 1761 1
2315 1724 2342 1777 5

232 1793 349 1852 bus
377 1791 706 1865 considere,
735 1810 984 1867 quorum
1029 1793 1142 1851 sint
1182 1792 1354 1869 legati
1395 1790 1559 1867 apud
1600 1810 1664 1851 se
1704 1801 1765 1851 et
1806 1790 1886 1851 de'
1926 1792 2251 1851 Sueborum

234 1883 461 1942 iniuriis
514 1892 831 1959 querantur
879 1892 938 1941 et
982 1902 1018 1940 a
1064 1901 1126 1941 se
1171 1883 1447 1941 auxilium
1506 1892 1745 1959 petant:
1806 1882 1922 1941 hoc
1971 1900 2034 1943 se
2082 1882 2253 1943 Ubiis

239 1974 682 2048 imperaturum.

323 2064 429 2124 IX.
474 2064 678 2140 stgati
722 2063 871 2122 haec
911 2082 975 2122 se
1017 2063 1095 2123 ad
1137 2082 1274 2125 suos
1313 2065 1593 2126 relaturos
1641 2063 1913 2124 dixerunt
1951 2074 2011 2124 et
2047 2082 2107 2124 re
2148 2063 2250 2124 de-

235 2156 484 2214 liberata
522 2164 658 2231 post
699 2153 857 2214 diem
899 2157 1132 2215 tertium
1161 2156 1239 2216 ad
1269 2157 1582 2216 Caesarem
1623 2175 1987 2216 reversuros:
2031 2158 2253 2215 interea
2281 2173 2342 2210 20

237 2265 316 2305 ne
365 2247 609 2323 propius
656 2263 718 2304 se
775 2257 962 2305 castra
1015 2259 1293 2322 moveret,
1343 2248 1653 2324 petierunt.
1740 2248 1837 2305 Ne
1894 2246 1955 2306 id
2010 2247 2251 2323 quidem

239 2337 462 2396 Caesar
514 2336 590 2416 ab
646 2355 708 2396 se
761 2337 1056 2413 impetrari
1120 2357 1292 2414 posse
1355 2338 1518 2397 dixit.
1632 2339 2004 2415 Cognoverat
2072 2339 2249 2410 enim,

240 2445 518 2503 magnam
565 2436 792 2503 partem
835 2430 1126 2504 equitatus
1166 2430 1241 2489 ab
1283 2431 1348 2488 iis
1391 2431 1614 2506 aliquot
1657 2429 1864 2489 diebus
1906 2439 2042 2489 ante
2084 2448 2247 2506 prae-

239 2517 428 2577 dandi
472 2517 985 2595 frumentandique
1033 2538 1210 2579 causa
1257 2519 1334 2578 ad
1380 2522 1768 2582 AmbivarItos
1813 2532 1969 2581 trans
2018 2523 2252 2582 Mosam

241 2613 515 2672 missam:
561 2612 670 2671 hos
714 2613 1038 2688 exspectari
1079 2614 1304 2689 equites
1343 2624 1522 2690 atque
1560 2615 1683 2676 eius
1712 2616 1796 2676 rei
1824 2635 2000 2675 causa
2026 2633 2250 2677 moram
2280 2636 2306 2670 2
2313 2633 2339 2687 5

241 2704 539 2780 interponi
565 2702 962 2764 arbitrabatur.

239 2843 603 2924 Desmfbtion
622 2856 697 2924 os
703 2852 793 2908 tlte
811 2853 900 2907 th
906 2855 998 2907 ine
1014 2856 1222 2925 region.
1288 2857 1341 2908 T
1332 2855 1402 2909 lte
1422 2857 1701 2912 Germans
1715 2864 1809 2912 act
1820 2857 2244 2929 treacherousht.

320 2975 395 3031 X.
441 2973 619 3031 Mosa
670 2973 904 3049 profluit
953 2992 1026 3032 ex
1073 2985 1273 3034 monte
1317 2977 1576 3053 VosegO,
1627 2979 1728 3053 qui
1784 2987 1872 3037 est
1925 2977 1986 3037 in
2039 2978 2250 3037 finibus

243 3065 596 3140 Lingonum,
626 3073 686 3124 et
713 3074 876 3140 parte
914 3064 1171 3140 quadam
1210 3086 1283 3126 ex
1311 3068 1528 3129 Rheno
1569 3079 1824 3146 recepta,
1853 3087 2005 3146 quae
2046 3070 2247 3147 appel-

239 3156 386 3214 latur
431 3155 702 3227 Vacalus,
747 3156 994 3216 insulam
1039 3157 1216 3216 efficit
1267 3161 1614 3219 Batavorum
1666 3179 1858 3236 neque
1904 3161 2130 3238 longius
2174 3162 2250 3220 ab

241 3246 490 3304 Oceano
534 3244 765 3306 milibus
807 3265 1084 3322 passuum
1119 3266 1282 3308 Lxxx
1309 3251 1370 3308 in
1398 3251 1676 3309 Rhenum
1719 3251 1920 3311 influit.
2005 3253 2249 3310 Rhenus
2276 3275 2340 3324 30

239 3346 438 3394 auterr.
495 3337 677 3396 oritur
731 3355 805 3396 ex
862 3338 1181 3414 LepontiiS,
1233 3341 1334 3416 qui
1388 3342 1567 3417 Alpes
1620 3343 1901 3415 incolunt,
1959 3352 2017 3401 et
2072 3342 2249 3419 longo

239 3425 430 3502 spatie
493 3443 602 3502 per
662 3426 809 3486 fines
877 3429 1276 3503 Nantuatium‚
1343 3431 1767 3504 Helvetiorum,
1826 3435 2245 3509 Sequanorum,

242 3517 780 3591 Mediomatri'cum,
821 3521 1226 3594 Tribocorum,
1265 3523 1651 3583 Treverorum
1698 3526 1906 3584 citatus
1949 3525 2126 3584 fertur
2169 3535 2245 3597 et,

239 3610 340 3669 ubi
381 3610 631 3670 Oceano
675 3612 1182 3688 appropinquavit,
1225 3614 1286 3672 in
1327 3615 1519 3690 plures
1565 3615 1772 3675 defluit
1816 3626 2007 3692 partes
2052 3617 2248 3675 multis

237 3701 692 3776 ingentibusque
747 3701 946 3762 insulis
1003 3703 1240 3777 effectiS,
1287 3723 1531 3781 quarum
1588 3725 1721 3782 pars
1777 3726 1986 3783 magna
2032 3726 2071 3765 a
2117 3707 2247 3765 feris
2275 3719 2336 3770 35

238 3794 619 3870 barbarisque
654 3794 985 3855 nationibus
1027 3797 1312 3872 incolitur,
1343 3817 1417 3858 ex
1444 3801 1653 3874 quibus
1682 3809 1832 3874 sunt,
1863 3801 1965 3874 qui
1992 3800 2248 3876 piscibus
