2796 4207
801 261 945 313 LIB.
985 262 1053 314 v.
1098 260 1268 314 CAP.
1310 262 1838 314 xxxix-xum.
2243 244 2367 309 141

253 435 489 501 tempus
520 422 597 481 ad
624 424 885 499 quietem
922 424 1300 497 relinquebat,
1334 433 1398 481 ut
1427 424 1576 483 ultro
1607 425 1852 483 militum
1883 444 2175 484 concursu
2203 444 2275 485 ac

249 515 500 574 vocibus
530 514 639 572 sibi
667 532 905 590 parcere
936 523 1255 589 cogeretur.

330 606 496 663 XLI.
538 605 709 662 Tunc
757 604 937 662 duces
985 604 1400 679 principesque
1453 606 1818 676 Nerviorum,
1871 606 1970 680 qui
2021 607 2272 682 aliquem

249 696 540 754 sermonis
584 694 807 753 aditum
852 712 1203 768 causamque
1246 694 1536 753 amicitiae
1579 714 1716 753 cum
1761 696 2051 755 Cicerone
2096 698 2271 758 habe-

248 788 415 859 bant,
460 786 719 861 colloqui
776 804 902 843 sese
950 785 1093 843 velle
1151 784 1371 844 dicunt.
1461 787 1644 843 Facta
1688 796 1998 863 potestate,
2045 788 2272 862 eadem,
2307 808 2333 860 5

250 896 408 953 quae
440 877 743 935 Ambiorix
785 894 920 933 cum
954 876 1179 934 Titurio
1224 886 1437 952 egerat,
1485 882 1987 938 commemorant:
2035 898 2276 940 omnem

251 987 383 1027 esse
418 970 480 1026 in
522 970 693 1026 armis
737 968 1024 1040 Galliam3
1069 968 1400 1026 Germanos
1444 969 1722 1028 Rhenum
1765 971 2082 1046 transisse3
2124 973 2272 1033 Cae-

250 1060 395 1118 saris
444 1059 916 1133 reliquorumque
966 1058 1208 1117 hiberna
1248 1062 1593 1135 oppugnari.
1680 1062 1926 1122 Addunt
1975 1064 2154 1123 etiam
2196 1063 2272 1123 de

250 1150 449 1209 Sabini
493 1160 718 1222 morte;
764 1149 1161 1225 Ambiorigem
1204 1159 1503 1209 ostentant
1547 1151 1688 1210 fidei
1731 1153 2036 1213 faciundae
2076 1174 2270 1213 causa.

252 1243 462 1300 Errare
492 1260 595 1300 eos
639 1241 861 1313 dicunt,
893 1241 940 1299 si
982 1242 1300 1318 quicquam
1330 1244 1407 1301 ab
1449 1243 1538 1301 his
1577 1245 1848 1319 praesidii
1890 1256 2140 1322 sperent,
2172 1248 2272 1323 qui
2305 1266 2362 1301 10

248 1333 371 1392 suis
418 1335 591 1392 rebus
648 1332 954 1406 diffidant3
1010 1352 1139 1392 sese
1196 1344 1395 1393 tamen
1446 1335 1562 1393 hoc
1619 1354 1746 1395 esse
1806 1338 1866 1395 in
1921 1338 2269 1397 Ciceronem

248 1426 655 1502 populumque
700 1427 1037 1484 Romanum
1086 1426 1304 1498 animo,
1355 1436 1420 1484 ut
1475 1427 1617 1485 nihil
1666 1428 1775 1486 nisi
1824 1427 2065 1486 hiberna
2105 1448 2268 1487 recu-

249 1526 385 1575 sent
426 1526 600 1592 atque
636 1516 789 1575 hanc
830 1517 1252 1576 inveterascere
1296 1516 1786 1575 consuetudinem
1829 1520 2052 1590 nolint3
2097 1520 2268 1578 licere

248 1607 360 1666 illis
388 1608 775 1668 incolumibus
809 1626 915 1684 per
942 1626 1004 1666 se
1035 1627 1108 1667 ex
1138 1608 1393 1667 hibernis
1423 1607 1730 1667 discedere
1761 1617 1836 1680 et,
1867 1628 2266 1686 quascumque

248 1700 311 1758 in
340 1709 535 1775 partes
560 1699 756 1772 velint,
786 1700 912 1758 sine
954 1709 1115 1757 metu
1150 1698 1465 1774 proficisci.
1551 1700 1763 1757 Cicero
1793 1699 1870 1757 ad
1911 1699 2057 1759 haec
2085 1720 2267 1760 unum
2301 1726 2356 1781 ις

248 1789 438 1849 modo
487 1788 825 1867 respondit:
870 1808 993 1848 non
1035 1808 1162 1848 esse
1206 1788 1699 1848 consuetudinem
1741 1791 1944 1865 populi
1987 1780 2264 1865 Romani,

248 1882 523 1958 accipere
564 1880 641 1939 ab
680 1880 849 1939 hoste
889 1889 1112 1939 armato
1156 1880 1611 1939 condicionem:
1658 1881 1703 1938 si
1747 1881 1821 1938 ab
1863 1882 2034 1939 armis
2075 1881 2262 1941 disce-

248 1972 391 2032 dere
420 1972 615 2043 velint,
644 1990 707 2030 se
734 1971 1003 2031 adiutore
1041 1980 1276 2029 utantur
1316 1971 1658 2046 legatosque
1685 1970 1764 2028 ad
1793 1972 2108 2030 Caesarem
2135 1974 2263 2032 mit-

246 2074 375 2124 tant
397 2085 415 2138 3
458 2081 689 2141 sperare
719 2080 825 2139 pro
855 2063 979 2121 eius
1009 2054 1238 2134 iustitia,
1270 2079 1421 2137 quae
1451 2062 1740 2139 petierint,
1771 2061 2196 2138 impetraturos

329 2157 523 2215 XLII.
567 2156 659 2215 Ab
700 2154 811 2212 hac
841 2173 946 2230 spe
986 2153 1201 2231 repulsi
1247 2153 1447 2212 Nervii
1476 2154 1626 2212 vallo
1666 2152 1890 2228 pedum
1921 2171 1984 2212 1x
2025 2165 2084 2213 et
2111 2157 2266 2215 fossa
2293 2180 2354 2217 20

245 2246 473 2323 pedum
500 2263 583 2304 xv
622 2246 865 2305 hiberna
904 2245 1165 2321 cingunt.
1257 2245 1430 2302 Haec
1475 2254 1534 2303 et
1573 2245 1935 2320 superiorum
1977 2264 2262 2305 annorum

247 2338 678 2400 consuetudine
706 2340 781 2399 ab
824 2339 995 2398 nobis
1037 2347 1434 2414 cognoverant
1469 2348 1544 2411 et,
1570 2337 1859 2413 quosdam
1889 2338 1964 2396 de
2008 2341 2262 2399 exercitu

248 2433 545 2492 habebant
587 2431 865 2506 captivoS,
910 2430 985 2489 ab
1026 2429 1115 2488 his
1156 2427 1562 2502 docebantur;
1607 2428 1714 2486 sed
1756 2429 1910 2486 nulla
1951 2430 2260 2490 ferramen-

246 2535 441 2582 torum
470 2522 661 2597 copia,
686 2539 837 2596 quae
861 2529 1015 2578 esset
1037 2519 1116 2578 ad
1144 2519 1301 2577 hunc
1324 2539 1494 2578 usum
1524 2517 1757 2590 idonea,
1780 2519 1985 2595 gladiis
2014 2523 2262 2597 cespites

244 2613 689 2684 circumcidere,
718 2613 987 2671 manibus
1029 2611 1356 2687 sagulisque
1402 2621 1612 2669 terram
1655 2610 1954 2669 exhaurire
1997 2613 2259 2673 niteban-
2290 2644 2318 2680 2
2326 2645 2352 2696 5

243 2715 356 2764 tur.
444 2705 580 2779 Qua
607 2702 847 2779 quidem
877 2721 949 2760 ex
978 2721 1039 2760 re
1060 2702 1363 2760 hominum
1390 2700 1704 2760 multitudo
1726 2703 2006 2777 cognosci
2032 2705 2256 2779 potuit:

242 2815 385 2855 narn
426 2795 619 2853 minus
662 2794 815 2852 horis
857 2794 1036 2851 tribus
1079 2793 1299 2851 milium
1338 2812 1616 2868 passuum
1643 2811 1725 2850 xv
1752 2794 1813 2850 in
1857 2794 2100 2852 circuitu
2131 2814 2258 2854 mu·

240 2888 531 2948 nitionem
575 2885 961 2961 perfecerunt,
1003 2883 1356 2959 reliquisque
1407 2883 1616 2943 diebus
1661 2892 1844 2941 turres
1885 2883 1963 2941 ad
2006 2885 2256 2946 altitudi—

238 2998 383 3038 nem
411 2977 565 3048 valli,
588 2977 765 3034 falces
794 2965 1251 3052 testudinesque,
1275 2995 1420 3051 quas
1447 2974 1644 3032 eidem
1675 2975 1888 3049 captivi
1916 2975 2257 3050 docuerant,

239 3087 447 3147 parare
478 3087 550 3127 ac
578 3069 772 3126 facere
801 3076 1139 3142 coeperunt.
2286 3091 2350 3142 30

320 3160 555 3221 XLIII.
598 3158 859 3233 Septimo
901 3156 1353 3233 oppugnationis
1396 3155 1493 3214 die
1538 3157 1795 3214 maximo
1833 3165 2039 3215 coorto
2080 3169 2256 3218 vento

238 3253 531 3311 ferventes
572 3249 722 3308 fusili
764 3267 838 3306 ex
878 3241 1072 3323 argilla
1112 3247 1352 3323 glandes
1395 3246 1591 3305 fundis
1623 3257 1680 3304 et
1722 3248 2032 3306 fervefacta
2069 3249 2257 3308 iacula

237 3344 299 3401 in
342 3361 525 3414 casaS,
569 3358 719 3417 quae
762 3356 925 3396 more
970 3338 1197 3397 Gallico
1240 3339 1568 3396 stramentis
1612 3348 1777 3397 erant
1816 3348 2024 3408 tectae,
2063 3340 2253 3400 iacere

238 3442 585 3509 coeperunt.
670 3431 805 3488 Hae
848 3428 1112 3487 celeriter
1152 3429 1349 3504 ignem
1391 3429 1966 3504 comprehenderunt
2008 3441 2069 3489 et
2095 3433 2254 3491 venti

237 3522 643 3600 magnitudine
671 3521 731 3578 in
772 3537 1012 3578 omnem
1053 3520 1250 3579 locum
1279 3529 1599 3578 castrorum
1641 3519 2002 3579 distulerunt.
2091 3524 2252 3581 Hos·
2282 3545 2340 3599 35

238 3625 325 3674 tes
352 3615 612 3674 maximo
640 3612 909 3682 clamore,
933 3611 1103 3668 sicuti
1124 3621 1288 3686 parta
1314 3611 1432 3668 iam
1460 3620 1637 3685 atque
1667 3611 1964 3687 explorata
1991 3612 2250 3685 victoria,

238 3717 421 3764 turres
463 3701 905 3776 testudinesque
934 3719 1105 3776 agere
1136 3711 1196 3759 et
1236 3701 1404 3760 scalis
1432 3701 1644 3759 vallum
1686 3701 2004 3760 ascendere
2035 3721 2246 3778 coepe-

241 3807 392 3856 runt.
477 3797 556 3853 At
588 3802 751 3870 tanta
794 3792 1043 3850 militum
1073 3793 1249 3850 virtus
1277 3801 1455 3866 atque
1483 3811 1554 3849 ea
1581 3793 1909 3866 praesentia
1937 3794 2114 3850 animi
2144 3796 2250 3852 fuit
