2796 4207
469 213 552 277 82
1141 227 1250 281 DE
1303 228 1558 283 BELLO
1610 228 1711 281 (ΞΑ
1726 228 1956 282 LLICO

556 408 690 449 curn
734 390 842 449 sibi
882 389 1128 466 quisque
1169 390 1421 464 primum
1465 389 1681 447 itineris
1721 389 1920 447 locum
1962 398 2188 464 peteret
2224 398 2286 449 et
2318 388 2568 449 domurn

553 482 855 557 pervenire
899 490 1252 557 properaret,
1287 480 1569 553 fecerunt,
1604 488 1668 537 ut
1708 478 2023 538 consimilis
2065 480 2234 556 fugae
2275 479 2568 557 profectio

553 571 859 631 videretur.
945 572 1082 630 Hac
1133 590 1194 631 re
1243 572 1436 629 statim
1486 570 1702 630 Caesar
1743 586 1851 646 per
1898 570 2291 644 speculatores
2332 572 2570 647 cognita

553 662 790 721 insidias
838 663 1068 735 veritus,
1116 662 1298 737 quod,
1350 680 1468 737 qua
1516 660 1591 719 de
1641 677 1817 719 causa
1860 658 2251 734 discederent,
2297 662 2567 721 nondum

499 776 526 828 5
552 763 940 829 perspexerat,
963 754 1280 812 exercitum
1305 753 1746 827 equitatumque
1768 751 1969 811 castris
1996 751 2301 810 continuit.
2373 753 2566 811 Prima

550 844 681 903 luce
724 844 1066 903 confirmata
1105 861 1166 901 re
1200 843 1275 902 ab
1303 842 1779 918 exploratoribus,
1807 860 2051 901 omnem
2092 843 2433 918 equitatum,
2462 846 2565 919 qui

552 934 930 993 novissimum
991 950 1202 1010 agmen
1267 942 1605 1003 moraretur,
1675 934 1989 1009 praemisit.
2105 934 2217 992 His
2274 933 2563 1008 Quintum

555 1024 800 1083 Pedium
834 1033 894 1082 et
933 1025 1179 1082 Lucium
1206 1023 1665 1081 Aurunculeium
1701 1022 1939 1081 Cottam
1980 1024 2201 1100 legatos
2244 1024 2563 1099 praefecit3

550 1116 750 1175 Titum
801 1116 1124 1174 Labienum
1178 1115 1433 1189 legatum
1484 1132 1619 1171 cum
1668 1112 1995 1189 legionibus
2049 1114 2231 1173 tribus
2287 1114 2565 1188 subsequi

467 1222 527 1260 10
551 1207 728 1265 iussit.
816 1206 899 1263 Hi
929 1206 1272 1263 novissimos
1311 1204 1501 1262 adorti
1533 1213 1593 1261 et
1627 1204 1809 1262 multa
1848 1205 2007 1263 milia
2044 1222 2320 1281 passuum
2361 1222 2563 1280 prose-

552 1298 672 1357 cuti
720 1315 990 1373 magnam
1038 1295 1469 1354 multitudinem
1521 1314 1723 1353 eorum
1769 1296 2109 1371 fugientium
2155 1294 2565 1367 conciderunt,

552 1408 690 1448 cum
731 1390 805 1447 ab
849 1398 1110 1446 extremo
1151 1388 1404 1463 agmine,
1441 1386 1519 1445 ad
1554 1405 1703 1462 quos
1732 1397 1969 1446 ventum
2009 1397 2147 1459 erat,
2178 1388 2567 1445 consisterent

553 1481 888 1555 fortiterque
931 1472 1214 1555 impetum
1256 1488 1588 1537 nostrorum
1631 1479 1873 1537 militum
1917 1479 2283 1549 sustinerent,
2321 1478 2565 1553 prioreS,

551 1570 716 1648 quod
775 1571 978 1629 abesse
1027 1588 1062 1627 a
1110 1570 1370 1645 periculo
1418 1569 1754 1628 viderentur
1807 1586 1999 1644 neque
2050 1569 2164 1626 ulla
2216 1569 2567 1627 necessitate

468 1683 527 1737 ¹5
553 1680 747 1739 neque
797 1663 1042 1739 imperio
1091 1663 1545 1734 continerentur,
1595 1660 1870 1719 exaudito
1915 1660 2167 1718 clamore
2216 1660 2569 1735 perturbatis

553 1755 852 1814 ordinibus
881 1772 1088 1814 omnes
1117 1755 1176 1813 in
1204 1756 1339 1831 fuga
1377 1755 1484 1813 sibi
1529 1752 1881 1829 praesidium
1922 1759 2229 1828 ponerent.
2314 1750 2408 1809 Ita
2438 1751 2567 1811 sine

451 1880 460 1887 ·
552 1847 670 1906 ullo
697 1846 956 1922 periculo
984 1854 1202 1904 tantam
1232 1863 1436 1904 eorum
1466 1843 1894 1903 multitudinem
1921 1842 2102 1902 nostri
2130 1840 2568 1916 interfecerunt,

553 1946 836 2013 quantum
867 1937 971 1995 fuit
999 1936 1118 1995 diei
1153 1937 1424 2013 spatium,
1455 1937 1563 1994 sub
1605 1952 1997 2009 occasumque
2039 1935 2175 1994 solis
2218 1932 2569 1993 destiterunt

553 2044 733 2106 seque
764 2029 823 2086 in
853 2037 1056 2100 castra,
1085 2037 1151 2086 ut
1178 2037 1301 2085 erat
1327 2028 1693 2103 imperatum,
1724 2033 2087 2101 receperunt.

634 2223 688 2277 T
678 2221 746 2276 he
769 2222 1114 2283 Suessiones,
1143 2219 1450 2282 Bellovaci,
1475 2216 1600 2270 and
1616 2215 1900 2270 Ambiani
1924 2215 2134 2269 submit
2164 2221 2221 2269 to
2258 2213 2487 2269 Caesar.

1134 2307 1228 2360 He
1253 2306 1447 2359 learns
1469 2305 1636 2358 about
1658 2304 1748 2358 tlte
1773 2303 1997 2357 Nervii.

469 2451 558 2488 20·
633 2435 776 2494 XII.
824 2431 1105 2494 Postridie
1151 2431 1276 2489 eius
1325 2430 1444 2490 diei
1484 2430 1717 2500 Caesar,
1762 2428 2097 2504 priusquam
2138 2443 2202 2486 se
2245 2425 2443 2485 hostes
2492 2443 2571 2484 ex

557 2537 774 2586 terrore
811 2544 882 2584 ac
921 2526 1056 2602 fuga
1096 2522 1439 2598 reciperent,
1481 2522 1539 2579 in
1566 2521 1711 2580 fines
1740 2521 2135 2591 Suessionum,
2174 2517 2275 2592 qui
2314 2517 2568 2593 proximi

557 2618 761 2678 Remis
791 2627 972 2689 erant,
1003 2615 1322 2675 exercitum
1365 2612 1531 2670 duxit
1568 2622 1628 2670 et
1667 2628 1883 2686 magno
1925 2611 2128 2668 itinere
2170 2608 2446 2667 confecto
2488 2609 2571 2666 ad

554 2710 852 2786 oppidum
881 2707 1306 2767 Noviodunum
1350 2701 1671 2761 contendit.
1756 2700 1829 2759 Id
1867 2718 1939 2758 ex
1980 2700 2182 2758 itinere
2224 2716 2570 2774 oppugnare

555 2810 818 2873 conatus,
849 2800 1011 2876 quod
1038 2816 1289 2857 vacuum
1319 2795 1394 2854 ab
1424 2793 1824 2853 defensoribus
1854 2809 1978 2850 esse
2008 2789 2298 2862 audiebat,
2326 2799 2573 2866 propter

469 2913 496 2948 2
502 2911 531 2965 5
555 2892 920 2952 latitudinem
949 2892 1137 2950 fossae
1166 2889 1433 2963 murique
1474 2882 1839 2942 altitudinem
1874 2882 2072 2957 paucis
2114 2879 2573 2940 defendentibus

558 3001 889 3060 expugnare
930 3001 1052 3041 non
1093 2981 1300 3057 potuit.
1389 2976 1605 3037 Castris
1646 2973 1882 3032 munitis
1922 2973 2117 3030 vineas
2159 2988 2349 3046 agere,
2392 2989 2573 3046 quae-

557 3093 672 3151 que
703 3074 779 3133 ad
808 3071 1272 3150 oppugnandum
1301 3070 1431 3128 usui
1460 3076 1638 3138 erant,
1670 3080 2006 3139 comparare
2036 3061 2248 3136 coepit.
2323 3062 2569 3120 Interim

556 3168 748 3228 omnis
793 3185 865 3225 ex
907 3167 1040 3240 fuga
1081 3165 1457 3224 Suessionum
1506 3157 1820 3218 multitudo
1863 3157 1922 3214 in
1964 3153 2251 3230 oppidum
2300 3155 2571 3229 proxima

557 3269 732 3318 nocte
783 3257 1074 3315 convenit.
1159 3255 1439 3314 Celeriter
1479 3252 1661 3310 vineis
1703 3249 1779 3308 ad
1822 3247 2108 3323 oppidum
2149 3245 2312 3316 actiS,
2356 3263 2569 3320 aggere

470 3359 532 3409 30
556 3352 711 3408 iacto
753 3349 1115 3423 turribusque
1157 3346 1499 3416 constitutiS,
1542 3341 1937 3418 magnitudine
1980 3355 2244 3415 operum,
2274 3354 2425 3411 quae
2460 3355 2565 3394 ne-

557 3459 672 3517 que
701 3440 964 3499 viderant
991 3448 1126 3496 ante
1157 3437 1305 3495 Galli
1347 3452 1542 3510 neque
1585 3433 1905 3502 audierant,
1936 3440 1995 3488 et
2023 3428 2313 3487 celeritate
2344 3427 2569 3486 Roma-

558 3550 764 3590 norum
795 3529 1043 3605 permoti
1084 3529 1305 3605 legatos
1333 3526 1411 3584 ad
1442 3527 1753 3586 Caesarem
1785 3523 1860 3581 de
1892 3521 2192 3581 deditione
2221 3517 2459 3576 mittunt
2488 3528 2569 3588 et,

558 3622 890 3698 petentibus
919 3621 1140 3691 Remis,
1170 3628 1234 3677 ut
1261 3626 1753 3686 conservarentur,
1782 3616 2110 3690 impetrant.

607 3697 614 3704 ’
639 3713 811 3771 ΧΙῙΙ.
857 3713 1072 3771 Caesar
1099 3709 1396 3768 obsidibus
1426 3708 1681 3783 acceptis
1702 3706 1903 3782 primis
1923 3705 2165 3764 civitatis
2184 3713 2361 3780 atque
2382 3702 2569 3780 ipsius

476 3801 534 3852 35
563 3803 782 3861 Galbae
825 3802 973 3875 regis
1015 3799 1243 3858 duobus
1283 3799 1430 3871 filiis,
1460 3798 1748 3871 armisque
1785 3796 2055 3855 omnibus
2083 3812 2158 3854 ex
2193 3792 2420 3870 oppido
2450 3803 2567 3851 tra-
