2796 4207
424 220 506 287 78
1071 238 1180 289 DE
1232 236 1488 291 BELLO
1540 238 1885 293 GALLICO

590 404 704 461 111.
753 403 846 460 Eo
902 420 1038 460 cum
1096 401 1172 459 de
1227 401 1543 477 improviso
1598 402 1957 478 celeriusque
2014 404 2177 464 omni
2240 406 2520 482 opinione

505 493 776 564 venisset,
810 494 1001 564 Remi,
1032 493 1132 567 qui
1171 492 1423 567 proximi
1457 492 1679 551 Galliae
1722 511 1794 551 ex
1835 495 2027 570 Belgis
2069 506 2221 568 sunt,
2262 497 2343 555 ad
2382 515 2521 556 eum

505 585 727 660 legatos
777 583 1004 641 Iccium
1055 592 1114 641 et
1157 582 1718 657 Andecumborium,
1767 586 1988 660 primos
2036 587 2298 660 civitatiS,
2346 589 2518 647 mise·

506 686 657 748 runt,
689 675 789 751 qui
808 666 1100 747 dicerent,
1129 692 1192 733 se
1235 692 1457 749 suaque
1498 676 1698 734 omnia
1731 676 1791 733 in
1819 676 1999 735 fidem
2030 687 2203 753 atque
2234 679 2293 737 in
2322 691 2519 756 potes-

453 790 480 841 5
506 776 686 825 tatem
715 767 919 843 populi
943 766 1199 825 Romani
1227 765 1580 841 permittere,
1603 785 1797 842 neque
1820 786 1883 827 se
1906 786 2041 827 cum
2066 770 2257 846 Belgis
2285 771 2519 846 reliquis

507 858 872 917 consensisse
927 876 1123 933 neque
1179 867 1382 916 contra
1430 858 1714 933 populum
1769 860 2107 918 Romanum
2164 862 2518 933 coniurasse,

504 960 855 1028 paratosque
892 968 1018 1009 esse
1049 960 1108 1009 et
1136 949 1372 1010 obsides
1412 949 1551 1009 dare
1582 961 1639 1009 et
1667 952 1948 1028 imperata
1974 954 2163 1013 facere
2194 965 2254 1013 et
2283 955 2519 1031 oppidis

506 1043 763 1118 recipere
793 1052 853 1101 et
880 1041 1170 1101 frumento
1198 1042 1525 1118 ceterisque
1550 1042 1722 1101 rebus
1752 1044 1943 1103 iuvare
1965 1066 1983 1117 3
2027 1046 2279 1121 reliquos
2308 1064 2519 1105 omnes

507 1134 715 1209 Belgas
743 1134 804 1191 in
832 1134 1002 1192 armis
1032 1150 1177 1205 esse,
1202 1134 1668 1209 Germanosque,
1693 1134 1794 1209 qui
1821 1136 1905 1193 cis
1936 1136 2211 1215 Rhenum
2240 1136 2517 1211 incolant,

423 1250 481 1287 10
507 1243 633 1285 sese
677 1243 814 1282 cum
863 1223 952 1283 his
1001 1224 1388 1297 coniunxisse,
1431 1234 1775 1301 tantumque
1822 1244 1948 1286 esse
1997 1246 2201 1287 eorum
2250 1230 2518 1289 omnium
2590 1285 2597 1291 .

503 1317 776 1389 furorem,
805 1325 869 1373 ut
897 1335 972 1375 ne
1007 1317 1346 1376 Suessiones
1387 1317 1650 1393 quidem,
1690 1318 1889 1377 fratres
1930 1321 2517 1397 consanguineosque

506 1426 660 1482 suOS,
691 1408 791 1484 qui
819 1408 1034 1467 eodem
1074 1408 1199 1467 iure
1238 1418 1298 1467 et
1330 1408 1519 1467 isdem
1562 1410 1785 1485 legibus
1826 1419 2077 1482 utantur,
2104 1430 2289 1471 unum
2328 1412 2516 1489 impe-

505 1499 654 1559 rium
708 1517 1008 1575 unumque
1066 1499 1463 1575 magistratum
1512 1518 1651 1559 cum
1706 1500 1844 1576 ipsis
1899 1502 2173 1574 habeant,
2223 1501 2514 1562 deterrere

504 1589 816 1666 potuerint,
846 1591 988 1666 quin
1014 1608 1153 1649 cum
1182 1590 1270 1649 his
1299 1591 1713 1650 consentirent.

964 1775 1078 1830 The
1097 1776 1284 1847 origin
1309 1776 1436 1829 and
1434 1778 1627 1847 forces
1644 1778 1718 1846 of
1727 1774 1820 1830 the
1836 1776 2059 1847 Belgae.

421 1918 479 1970 15
587 1900 688 1959 IV.
734 1900 887 1960 Cum
928 1900 1003 1958 ab
1046 1899 1134 1958 his
1176 1908 1498 1974 quaereret,
1540 1917 1691 1974 quae
1740 1900 1999 1958 civitates
2041 1909 2411 1977 quantaeque
2450 1903 2516 1963 in

505 1991 675 2049 armis
704 2000 898 2050 essent
927 1999 986 2049 et
1014 1989 1156 2066 quid
1186 1990 1246 2048 in
1281 1990 1439 2049 bello
1480 1998 1738 2066 possent,
1768 1990 1852 2048 sic
1888 1991 2250 2067 reperiebat:
2295 1993 2513 2068 pleros·

503 2100 619 2161 que
664 2082 870 2161 Belgas
913 2100 1040 2143 esse
1083 2092 1244 2142 ortos
1286 2082 1362 2142 ab
1404 2081 1713 2141 Germanis
1755 2082 2150 2160 Rhenumque
2199 2084 2517 2161 antiquitus

502 2174 801 2234 traductos
845 2183 1083 2251 propter
1125 2173 1239 2233 loci
1282 2173 1629 2232 fertilitatem
1672 2173 1752 2232 ibi
1793 2171 2133 2233 consedisse
2175 2174 2513 2252 Gallosque,

503 2266 603 2342 qui
644 2283 716 2325 ea
755 2267 888 2324 loca
928 2265 1269 2337 incolerent,
1314 2265 1603 2340 expulisse
1646 2263 1917 2339 solosque
1960 2283 2087 2323 esse
2138 2266 2239 2340 qui
2282 2275 2514 2341 patrum

414 2379 478 2417 20
501 2366 832 2416 nostrorum
873 2357 1158 2416 memoria
1197 2356 1358 2415 omni
1404 2355 1589 2415 Gallia
1629 2365 1835 2413 vexata
1875 2355 2180 2414 Teutonos
2214 2356 2514 2415 Cimbros-

502 2464 618 2524 que
661 2449 810 2507 intra
849 2449 998 2508 fines
1042 2466 1178 2507 suos
1223 2446 1451 2524 ingredi
1498 2447 1901 2523 prohibuerint
1919 2467 1937 2519 3
1994 2465 2113 2522 qua
2152 2464 2225 2504 ex
2264 2465 2326 2505 re
2368 2447 2513 2520 fieri,

404 2611 411 2616 ,
501 2538 585 2596 uti
615 2555 813 2598 earum
840 2557 1031 2599 rerum
1062 2539 1344 2598 memoria
1371 2555 1641 2615 magnam
1672 2537 1781 2597 sibi
1810 2538 2212 2596 auctoritatem
2242 2555 2513 2614 magnos-

501 2646 618 2706 que
673 2631 904 2707 spiritus
957 2632 1018 2690 in
1071 2649 1133 2690 re
1187 2630 1416 2690 militari
1470 2638 1778 2689 sumerent.
1868 2631 1962 2688 De*
2018 2647 2263 2688 numero
2310 2649 2516 2689 eorum

499 2720 700 2782 omnia
741 2740 803 2780 se
846 2722 1058 2783 habere
1102 2722 1398 2799 explorata
1440 2721 1614 2780 Remi
1655 2721 1949 2794 dicebant,
1979 2733 2289 2799 propterea
2329 2722 2515 2798 quod,

413 2840 472 2894 25
499 2812 1028 2890 propinquitatibus
1068 2813 1559 2889 affinitatibusque
1603 2813 1921 2885 coniuncti,
1952 2823 2229 2888 quantam
2266 2813 2515 2889 quisque

497 2904 931 2964 multitudinem
979 2904 1039 2962 in
1082 2904 1384 2963 communi
1427 2905 1733 2981 Belgarum
1778 2904 2030 2962 concilio
2075 2903 2151 2962 ad
2193 2903 2254 2962 id
2296 2905 2515 2963 bellum

499 2998 790 3074 pollicitus
836 2998 926 3070 sit,
971 2995 1365 3072 cognoverint.
1454 2998 1771 3056 Plurimum
1820 2996 1971 3056 inter
2018 3013 2121 3055 eos
2174 2997 2515 3055 Bellovacos

500 3097 560 3147 et
602 3090 811 3148 virtute
855 3096 917 3146 et
961 3086 1299 3145 auctoritate
1355 3096 1415 3145 et
1471 3087 1774 3146 hominum
1830 3105 2076 3146 numero
2120 3088 2345 3160 valere,
2405 3087 2514 3146 hos

500 3197 674 3256 posse
703 3179 995 3238 conficere
1025 3188 1245 3236 armata
1272 3177 1430 3236 milia
1456 3185 1712 3251 centum,
1742 3179 2033 3254 pollicitos
2060 3197 2133 3237 ex
2162 3196 2236 3236 eo
2264 3195 2513 3238 nurnero

414 3290 476 3342 30
503 3271 690 3330 electa
744 3270 1057 3346 sexaginta,
1116 3269 1411 3352 totiusque
1466 3270 1601 3329 belli
1656 3270 1965 3347 imperium
2031 3270 2140 3330 sibi
2194 3270 2508 3346 postulaae.

502 3363 840 3421 Suessiones
870 3379 1006 3419 suos
1045 3378 1172 3420 esse
1202 3361 1518 3433 finitimos;
1562 3361 1707 3419 fines
1749 3361 2060 3421 latissimos
2102 3361 2511 3420 feracissimos-

503 3471 619 3529 que
659 3471 827 3528 agros
869 3452 1192 3529 possidere.
1273 3451 1451 3529 Apud
1494 3469 1597 3510 eos
1638 3451 1811 3511 fuisse
1852 3469 2049 3527 regem
2093 3461 2288 3510 nostra
2334 3451 2513 3510 etiam

503 3545 786 3602 memoria
815 3545 1188 3617 Divitiacum,
1218 3543 1395 3602 totius
1440 3543 1661 3623 Galliae
1704 3543 2187 3617 potentissimum,
2230 3543 2332 3617 qui
2373 3561 2514 3600 curn

503 3653 749 3710 magnae
793 3636 970 3711 partis
1019 3635 1221 3693 harum
1270 3634 1596 3708 regionum,
1639 3643 1763 3691 tum
1814 3634 1987 3692 etiam
2032 3633 2358 3691 Britanniae
2408 3634 2514 3692 im-

413 3749 476 3801 35
503 3725 729 3801 perium
793 3725 1144 3797 obtinuerit,
1208 3743 1368 3784 nunc
1430 3741 1557 3782 esse
1612 3741 1813 3799 regem
1869 3726 2154 3784 Galbam:
2219 3723 2297 3782 ad
2352 3723 2511 3782 hunc

503 3825 742 3892 propter
775 3815 1046 3873 iustitiam
1090 3814 1578 3890 prudentiamque
1622 3833 1785 3873 suam
1829 3833 2116 3873 summam
2156 3814 2333 3873 totius
2374 3813 2514 3872 belli
