2796 4207
949 240 1092 293 Lm.
1137 240 1216 292 11.
1257 241 1425 293 cAP.
1472 240 1711 293 111-v1.
2315 226 2399 291 79

286 403 549 463 omnium
591 403 890 461 voluntate
933 401 1180 475 deferri3
1225 401 1451 478 oppida
1492 401 1709 461 habere
1752 420 1997 462 numero
2039 420 2141 476 xn,
2181 404 2305 481 pol-

281 496 438 554 liceri
459 495 620 553 milia
641 504 866 552 armata
885 495 1304 569 quinquaginta
1324 515 1342 566 ;
1372 492 1621 552 totidem
1647 494 1915 567 Nervios,
1930 496 2033 571 qui
2054 497 2307 556 maxime

279 588 384 645 feri
423 588 578 645 inter
618 587 780 662 ipsos
822 585 1144 645 habeantur
1186 586 1642 661 longissimeque
1684 585 1913 659 absint;
1965 587 2305 663 quindecim

279 679 436 737 milia
461 679 790 749 AtrebateS‚
820 677 1139 735 Ambianos
1181 677 1396 736 decem
1439 678 1614 751 milia,
1654 678 1935 757 Morinos·
1962 696 2087 738 xxv
2130 681 2303 753 milia,

281 771 595 846 Menapios
629 786 712 828 vn
752 769 926 840 milia,
956 768 1195 827 Caletos
1232 784 1276 826 x
1305 768 1479 839 milia,
1508 768 1875 835 Veliocasses
1904 780 1966 829 et
1992 771 2300 831 Viroman-
2334 788 2360 841 5

283 859 432 920 duos
460 860 726 931 totidem,
755 860 1098 918 Aduatiicos
1127 858 1340 919 decem
1369 870 1430 918 et
1458 877 1672 919 novem
1703 861 1859 921 milia
1878 882 1897 935 3
1941 862 2301 934 Condrusos,

285 952 606 1022 EburoneS,
651 950 997 1021 CaeroeSOS,
1042 952 1388 1022 Paemanos‚
1435 950 1536 1025 qui
1580 968 1699 1009 uno
1734 952 1977 1012 nomine
2020 954 2300 1014 Germani

280 1042 656 1119 appellantur,
689 1041 946 1100 arbitrari
975 1041 1054 1099 ad
1081 1058 1160 1099 xl.
1189 1040 1363 1099 milia.

385 1225 602 1281 Caesar
625 1225 878 1280 marches
903 1232 958 1279 to
983 1224 1077 1279 tlte
1100 1226 1155 1279 A
1161 1243 1351 1289 xona,·
1389 1226 1483 1281 tlte
1507 1224 1714 1299 Beggae
1734 1228 1930 1283 attack
1955 1226 2188 1283 Bibrax.

352 1350 427 1408 V.
473 1350 694 1409 Caesar
737 1349 960 1407 Remos
1005 1346 1346 1407 cohortatus
1387 1348 1811 1425 liberaliterque
1855 1352 2118 1409 oratione
2161 1368 2294 1427 pro-

278 1449 510 1499 secutus
533 1457 771 1499 omnem
792 1448 1060 1498 senatum
1080 1438 1157 1497 ad
1179 1457 1242 1498 se
1266 1440 1579 1497 convenire
1608 1441 2055 1517 principumque
2084 1442 2297 1501 liberos
2330 1472 2387 1507 10

277 1531 513 1592 obsides
554 1531 634 1589 ad
673 1549 736 1591 se
777 1531 996 1591 adduci
1039 1531 1220 1589 iussit.
1306 1531 1477 1604 Quae
1519 1532 1719 1589 omnia
1752 1533 1828 1590 ab
1864 1532 1951 1591 his
1993 1531 2299 1608 diligenter

279 1620 356 1681 ad
401 1622 562 1681 diem
605 1622 758 1680 facta
801 1632 952 1680 sunt.
1039 1621 1177 1697 Ipse
1221 1621 1576 1681 Divitiacum
1618 1621 1893 1681 Aeduum
1939 1640 2295 1699 magnopere

277 1713 612 1772 cohortatus
659 1712 859 1784 docet,
901 1722 1122 1787 quanto
1169 1730 1349 1788 opere
1395 1712 1479 1769 rei
1527 1712 1799 1788 publicae
1844 1706 2293 1790 communisque

275 1802 469 1863 salutis
509 1803 750 1875 intersit,
788 1820 994 1861 manus
1037 1802 1292 1860 hostium
1336 1800 1613 1873 distineri,
1646 1820 1721 1861 ne
1750 1822 1885 1860 cum
1917 1813 2077 1861 tanta
2104 1804 2291 1863 multi-

274 1892 479 1952 tudine
507 1912 630 1952 uno
657 1902 921 1969 tempore
961 1891 1401 1968 confligendum
1430 1894 1519 1951 sit.
1606 1892 1679 1952 Id
1709 1893 1833 1951 fieri
1861 1911 2056 1970 posse,
2086 1893 2133 1951 si
2162 1913 2293 1953 suas
2324 1930 2381 1982 ¹5

273 1984 476 2059 copias
511 1983 705 2042 Aedui
745 1984 806 2041 in
847 1982 994 2042 fines
1036 1982 1478 2042 Bellovacorum
1524 1983 1944 2043 introduxerint
1986 1994 2047 2044 et
2088 2002 2291 2055 eorum

273 2092 440 2152 agros
482 2073 750 2151 populari
791 2074 1111 2150 coeperint.
1199 2074 1314 2133 His
1350 2073 1642 2133 mandatis
1672 2093 1810 2134 eum
1838 2076 1911 2136 ab
1942 2094 2003 2134 se
2034 2074 2288 2135 dimittit.

275 2168 594 2242 Postquam
636 2183 842 2223 omnes
885 2165 1192 2240 Belgarum
1237 2165 1444 2241 copias
1486 2166 1547 2223 in
1588 2185 1771 2224 unum
1813 2167 2010 2226 locum
2054 2177 2289 2226 coactas
2366 2213 2372 2218 .

273 2258 350 2316 ad
397 2274 462 2315 se
507 2255 704 2315 venire
747 2255 908 2327 vidit,
958 2273 1154 2331 neque
1205 2256 1321 2314 iam
1371 2256 1544 2332 longe
1591 2258 1815 2330 abesse,
1868 2259 1943 2316 ab
1992 2259 2093 2330 εἰς,
2144 2276 2292 2333 quos

274 2348 522 2419 miserat,
547 2347 1004 2422 exploratoribus
1033 2357 1094 2405 et
1113 2347 1188 2406 ab
1212 2348 1415 2406 Remis
1445 2348 1740 2424 cognovit,
1766 2347 1980 2406 flumen
2002 2351 2290 2424 Axonam,
2317 2377 2379 2413 20

276 2437 436 2514 quod
462 2448 552 2497 est
583 2439 642 2496 in
670 2439 946 2497 extremis
974 2440 1300 2497 Remorum
1342 2438 1578 2511 finibuS,
1623 2439 1941 2498 exercitum
1986 2440 2291 2500 traducere

276 2529 578 2588 maturavit
619 2539 794 2605 atque
836 2529 918 2587 ibi
959 2539 1148 2588 castra
1189 2529 1403 2606 posuit.
1486 2529 1657 2604 Quae
1698 2548 1789 2589 res
1828 2541 1887 2588 et
1920 2531 2066 2588 latus
2107 2549 2292 2590 unum

273 2632 591 2680 castrorum
631 2620 770 2696 ripis
812 2620 1062 2680 fluminis
1105 2621 1408 2680 muniebat
1441 2629 1517 2693 et,
1551 2630 1689 2696 post
1725 2639 1861 2679 eum
1895 2640 2046 2697 quae
2076 2633 2289 2697 essent,

273 2725 394 2773 tuta
413 2715 489 2774 ab
511 2714 776 2774 hostibus
804 2713 1090 2774 reddebat
1117 2725 1192 2788 et,
1215 2724 1582 2774 commeatus
1612 2714 1687 2773 ab
1709 2715 1911 2773 Remis
1938 2716 2290 2792 reliquisque

275 2805 598 2864 civitatibus
627 2816 692 2864 ut
718 2806 844 2864 sine
873 2806 1131 2881 periculo
1158 2804 1236 2864 ad
1265 2823 1403 2863 eum
1444 2806 1661 2881 portari
1695 2815 1953 2881 possent,
1983 2805 2286 2866 efficiebat.
2313 2835 2374 2890 25

280 2899 350 2954 In
393 2916 468 2956 eo
509 2897 747 2956 flumine
789 2915 942 2973 pons
984 2907 1124 2955 erat.
1185 2897 1302 2955 ·Ibi
1344 2896 1701 2972 praesidium
1742 2897 1909 2973 ponit
1936 2907 1995 2955 et
2024 2898 2085 2955 in
2113 2898 2291 2957 altera

276 2999 435 3066 parte
475 2988 724 3048 fluminis
754 2989 1044 3062 Quintum
1070 2989 1358 3047 Titurium
1389 2989 1668 3047 Sabinum
1711 2989 1963 3064 legatum
2006 3005 2143 3048 cum
2186 3007 2290 3048 sex

275 3080 611 3140 cohortibus
653 3079 964 3154 relinquit3
1014 3090 1198 3139 castra
1225 3081 1285 3137 in
1313 3079 1681 3138 altitudinem
1710 3078 1933 3155 pedum
1970 3077 2289 3138 duodecim

272 3172 420 3230 vallo
451 3172 720 3246 fossaque
751 3169 1148 3246 duodeviginti
1180 3170 1404 3247 pedum
1434 3172 1658 3230 munire
1688 3170 1866 3229 iubet.

267 3285 275 3292 ·
353 3263 459 3322 VI.
503 3263 596 3322 Ab
652 3261 741 3320 his
798 3262 996 3319 castris
1053 3261 1337 3338 oppidum
1397 3264 1723 3321 Remorum
1782 3259 2023 3318 nomine
2080 3260 2290 3319 Bibrax
2314 3283 2376 3335 30

279 3353 476 3412 aberat
518 3354 675 3413 milia
721 3371 998 3430 passuum
1043 3364 1200 3412 octo,
1286 3353 1360 3412 Id
1412 3371 1485 3412 ex
1533 3354 1736 3413 itinere
1794 3370 2009 3431 magno
2065 3351 2289 3427 impetu

279 3445 489 3521 Belgae
520 3463 860 3522 oppugnare
894 3455 1234 3520 coeperunt.
1319 3447 1507 3520 Aegre
1537 3462 1611 3502 eo
1641 3443 1737 3503 die
1768 3452 2153 3503 sustentatum
2181 3451 2284 3501 est.

280 3534 578 3594 Gallorum
618 3534 826 3594 eadem
866 3545 1040 3610 atque
1071 3536 1377 3612 Belgarum
1408 3535 1769 3610 oppugnatio
1800 3545 1889 3593 est
1918 3533 2083 3592 haee.
2167 3533 2290 3593 Ubi

218 3617 224 3620 ’
281 3626 653 3685 circumiecta
706 3625 1074 3687 multitudine
1131 3627 1432 3684 hominum
1485 3625 1621 3684 totis
1646 3626 1975 3685 'moenibus
2025 3622 2288 3700 undique

281 3716 340 3774 in
379 3735 609 3775 murum
650 3716 874 3793 lapides
920 3718 1028 3775 iaci
1074 3717 1272 3792 coepti
1321 3725 1472 3787 sunt,
1518 3734 1830 3791 murusque
1882 3707 2287 3775 defensoribus
2313 3729 2375 3782 35

282 3807 530 3865 nudatus
574 3809 680 3878 est,
727 3806 1017 3866 testudine
1067 3806 1220 3865 facta
1267 3816 1462 3882 portas
1517 3805 1882 3865 succendunt
1938 3824 2285 3881 murumque
