<?xml version="1.0" encoding="UTF-8"?>
<!DOCTYPE html PUBLIC "-//W3C//DTD XHTML 1.0 Transitional//EN"
    "http://www.w3.org/TR/xhtml1/DTD/xhtml1-transitional.dtd">
<html xmlns="http://www.w3.org/1999/xhtml" xml:lang="en" lang="en">
 <head>
  <title>
</title>
<meta http-equiv="Content-Type" content="text/html;charset=utf-8" />
  <meta name='ocr-system' content='tesseract 3.04.00' />
  <meta name='ocr-capabilities' content='ocr_page ocr_carea ocr_par ocr_line ocrx_word'/>
</head>
<body>
  <div class='ocr_page' id='page_1' title='image "./ciulicaesarisde00kelsgoog_0129.png"; bbox 0 0 2796 4207; ppageno 0'>
   <div class='ocr_carea' id='block_1_1' title="bbox 791 132 2289 237">
    <p class='ocr_par' dir='ltr' id='par_1_1' title="bbox 791 132 2289 237">
     <span class='ocr_line' id='line_1_1' title="bbox 791 132 2289 237; baseline -0.009 -9"><span class='ocrx_word' id='word_1_1' title='bbox 791 176 938 228; x_wconf 65' lang='lat' dir='ltr'><strong>Lus.</strong></span> <span class='ocrx_word' id='word_1_2' title='bbox 987 175 1064 227; x_wconf 91' lang='lat'><strong>11.</strong></span> <span class='ocrx_word' id='word_1_3' title='bbox 1111 175 1281 228; x_wconf 89' lang='lat' dir='ltr'><strong>CAP.</strong></span> <span class='ocrx_word' id='word_1_4' title='bbox 1325 174 1698 227; x_wconf 82' lang='lat' dir='ltr'>xx1-xxv.</span> <span class='ocrx_word' id='word_1_5' title='bbox 1830 132 2027 237; x_wconf 29' lang='lat' dir='ltr'><strong>“RN</strong></span> <span class='ocrx_word' id='word_1_6' title='bbox 2210 152 2289 216; x_wconf 79' lang='grc'><strong>87</strong></span> 
     </span>
    </p>
   </div>
   <div class='ocr_carea' id='block_1_2' title="bbox 2030 237 2075 263">
    <p class='ocr_par' dir='ltr' id='par_1_2' title="bbox 2030 237 2075 263">
     <span class='ocr_line' id='line_1_2' title="bbox 2030 237 2075 263; baseline 0 0"><span class='ocrx_word' id='word_1_7' title='bbox 2030 237 2075 263; x_wconf 52' lang='grc' dir='ltr'>Χ</span> 
     </span>
    </p>
   </div>
   <div class='ocr_carea' id='block_1_3' title="bbox 196 292 2747 635">
    <p class='ocr_par' dir='ltr' id='par_1_3' title="bbox 196 292 2747 635">
     <span class='ocr_line' id='line_1_3' title="bbox 205 336 2203 412; baseline -0.003 -13"><span class='ocrx_word' id='word_1_8' title='bbox 205 347 460 399; x_wconf 87' lang='lat' dir='ltr'><strong>taverunt</strong></span> <span class='ocrx_word' id='word_1_9' title='bbox 508 347 570 398; x_wconf 92' lang='lat' dir='ltr'><strong>et</strong></span> <span class='ocrx_word' id='word_1_10' title='bbox 617 338 679 397; x_wconf 91' lang='lat' dir='ltr'><strong>in</strong></span> <span class='ocrx_word' id='word_1_11' title='bbox 727 338 922 397; x_wconf 90' lang='lat' dir='ltr'><strong>locum</strong></span> <span class='ocrx_word' id='word_1_12' title='bbox 971 336 1236 411; x_wconf 88' lang='lat' dir='ltr'><strong>iniquum</strong></span> <span class='ocrx_word' id='word_1_13' title='bbox 1289 337 1577 412; x_wconf 84' lang='lat' dir='ltr'>progressi</span> <span class='ocrx_word' id='word_1_14' title='bbox 1630 355 1819 395; x_wconf 89' lang='lat' dir='ltr'><strong>rursus</strong></span> <span class='ocrx_word' id='word_1_15' title='bbox 1874 336 2203 395; x_wconf 78' lang='lat' dir='ltr'><strong>resistentes</strong></span> 
     </span>
     <span class='ocr_line' id='line_1_4' title="bbox 199 426 2387 505; baseline -0.003 -16"><span class='ocrx_word' id='word_1_16' title='bbox 199 432 384 489; x_wconf 87' lang='lat' dir='ltr'><strong>hostes</strong></span> <span class='ocrx_word' id='word_1_17' title='bbox 424 428 822 505; x_wconf 89' lang='lat' dir='ltr'><strong>redintegrato</strong></span> <span class='ocrx_word' id='word_1_18' title='bbox 864 428 1085 504; x_wconf 90' lang='lat' dir='ltr'><strong>proelio</strong></span> <span class='ocrx_word' id='word_1_19' title='bbox 1115 428 1174 485; x_wconf 90' lang='lat' dir='ltr'><strong>in</strong></span> <span class='ocrx_word' id='word_1_20' title='bbox 1203 428 1400 503; x_wconf 87' lang='lat' dir='ltr'><strong>fugam</strong></span> <span class='ocrx_word' id='word_1_21' title='bbox 1432 427 1829 486; x_wconf 88' lang='lat' dir='ltr'><strong>coniecerunt.</strong></span> <span class='ocrx_word' id='word_1_22' title='bbox 1914 427 2066 484; x_wconf 87' lang='lat' dir='ltr'><strong>Item</strong></span> <span class='ocrx_word' id='word_1_23' title='bbox 2094 426 2205 484; x_wconf 87' lang='lat' dir='ltr'><strong>alia</strong></span> <span class='ocrx_word' id='word_1_24' title='bbox 2385 442 2387 444; x_wconf 70' lang='grc'><strong><em>’</em></strong></span> 
     </span>
     <span class='ocr_line' id='line_1_5' title="bbox 196 292 2747 635; baseline 0.016 -56"><span class='ocrx_word' id='word_1_25' title='bbox 196 524 250 579; x_wconf 89' lang='lat' dir='ltr'><strong>in</strong></span> <span class='ocrx_word' id='word_1_26' title='bbox 293 530 454 597; x_wconf 86' lang='lat' dir='ltr'><strong>parte</strong></span> <span class='ocrx_word' id='word_1_27' title='bbox 499 520 761 579; x_wconf 91' lang='lat' dir='ltr'><strong>diversae</strong></span> <span class='ocrx_word' id='word_1_28' title='bbox 804 519 955 578; x_wconf 86' lang='lat' dir='ltr'><strong>duae</strong></span> <span class='ocrx_word' id='word_1_29' title='bbox 997 520 1272 595; x_wconf 84' lang='lat' dir='ltr'><strong>legiones,</strong></span> <span class='ocrx_word' id='word_1_30' title='bbox 1303 518 1618 577; x_wconf 91' lang='lat' dir='ltr'><strong>undecima</strong></span> <span class='ocrx_word' id='word_1_31' title='bbox 1655 528 1714 579; x_wconf 93' lang='lat' dir='ltr'><strong>et</strong></span> <span class='ocrx_word' id='word_1_32' title='bbox 1756 527 1980 591; x_wconf 87' lang='lat' dir='ltr'><strong>octava,</strong></span> <span class='ocrx_word' id='word_1_33' title='bbox 2010 292 2747 635; x_wconf 27' lang='lat' dir='ltr'><strong>ProflR</strong></span> 
     </span>
    </p>
   </div>
   <div class='ocr_carea' id='block_1_4' title="bbox 191 609 2292 2964">
    <p class='ocr_par' dir='ltr' id='par_1_4' title="bbox 191 609 2292 1348">
     <span class='ocr_line' id='line_1_6' title="bbox 193 609 2199 687; baseline -0.001 -17"><span class='ocrx_word' id='word_1_34' title='bbox 193 613 331 687; x_wconf 89' lang='lat' dir='ltr'><strong>gatis</strong></span> <span class='ocrx_word' id='word_1_35' title='bbox 357 611 793 683; x_wconf 79' lang='lat' dir='ltr'><strong>ViromanduiS,</strong></span> <span class='ocrx_word' id='word_1_36' title='bbox 823 612 1171 686; x_wconf 87' lang='lat' dir='ltr'>quibuscum</span> <span class='ocrx_word' id='word_1_37' title='bbox 1214 619 1376 668; x_wconf 90' lang='lat' dir='ltr'><strong>erant</strong></span> <span class='ocrx_word' id='word_1_38' title='bbox 1418 609 1732 685; x_wconf 85' lang='lat' dir='ltr'><strong>congressi,</strong></span> <span class='ocrx_word' id='word_1_39' title='bbox 1763 627 1835 667; x_wconf 85' lang='lat' dir='ltr'><strong>ex</strong></span> <span class='ocrx_word' id='word_1_40' title='bbox 1862 609 1996 667; x_wconf 93' lang='lat' dir='ltr'><strong>loco</strong></span> <span class='ocrx_word' id='word_1_41' title='bbox 2030 626 2199 684; x_wconf 89' lang='lat' dir='ltr'><strong>supe-</strong></span> 
     </span>
     <span class='ocr_line' id='line_1_7' title="bbox 191 700 2259 778; baseline -0.001 -19"><span class='ocrx_word' id='word_1_42' title='bbox 191 704 332 760; x_wconf 90' lang='lat' dir='ltr'><strong>riore</strong></span> <span class='ocrx_word' id='word_1_43' title='bbox 383 704 446 759; x_wconf 92' lang='lat' dir='ltr'><strong>in</strong></span> <span class='ocrx_word' id='word_1_44' title='bbox 495 701 635 778; x_wconf 91' lang='lat' dir='ltr'><strong>ipsis</strong></span> <span class='ocrx_word' id='word_1_45' title='bbox 684 701 934 760; x_wconf 88' lang='lat' dir='ltr'><strong>fluminis</strong></span> <span class='ocrx_word' id='word_1_46' title='bbox 979 702 1116 777; x_wconf 85' lang='lat' dir='ltr'>ripis</span> <span class='ocrx_word' id='word_1_47' title='bbox 1166 700 1612 775; x_wconf 88' lang='lat' dir='ltr'><strong>proeliabantur.</strong></span> <span class='ocrx_word' id='word_1_48' title='bbox 1697 702 1774 759; x_wconf 90' lang='lat' dir='ltr'><strong>At</strong></span> <span class='ocrx_word' id='word_1_49' title='bbox 1822 700 1957 758; x_wconf 89' lang='lat' dir='ltr'><strong>totis</strong></span> <span class='ocrx_word' id='word_1_50' title='bbox 2006 700 2126 758; x_wconf 87' lang='lat' dir='ltr'><strong>fere</strong></span> <span class='ocrx_word' id='word_1_51' title='bbox 2167 718 2205 757; x_wconf 90' lang='lat' dir='ltr'><strong>a</strong></span> <span class='ocrx_word' id='word_1_52' title='bbox 2233 719 2259 770; x_wconf 83' lang='lat'>5</span> 
     </span>
     <span class='ocr_line' id='line_1_8' title="bbox 195 786 2203 868; baseline -0.001 -17"><span class='ocrx_word' id='word_1_53' title='bbox 195 795 378 852; x_wconf 86' lang='lat' dir='ltr'><strong>fronte</strong></span> <span class='ocrx_word' id='word_1_54' title='bbox 427 802 487 851; x_wconf 92' lang='lat' dir='ltr'><strong>et</strong></span> <span class='ocrx_word' id='word_1_55' title='bbox 531 794 609 851; x_wconf 91' lang='lat' dir='ltr'><strong>ab</strong></span> <span class='ocrx_word' id='word_1_56' title='bbox 653 792 878 851; x_wconf 88' lang='lat' dir='ltr'><strong>sinistra</strong></span> <span class='ocrx_word' id='word_1_57' title='bbox 931 802 1093 868; x_wconf 86' lang='lat' dir='ltr'><strong>parte</strong></span> <span class='ocrx_word' id='word_1_58' title='bbox 1149 790 1380 850; x_wconf 84' lang='lat' dir='ltr'><strong>nudatis</strong></span> <span class='ocrx_word' id='word_1_59' title='bbox 1437 792 1653 863; x_wconf 75' lang='lat' dir='ltr'><strong>castriS,</strong></span> <span class='ocrx_word' id='word_1_60' title='bbox 1704 794 1841 849; x_wconf 81' lang='lat' dir='ltr'><strong>cum</strong></span> <span class='ocrx_word' id='word_1_61' title='bbox 1860 819 1871 842; x_wconf 66' lang='grc' dir='ltr'><strong>ι</strong></span> <span class='ocrx_word' id='word_1_62' title='bbox 1889 786 1951 847; x_wconf 90' lang='lat' dir='ltr'><strong>in</strong></span> <span class='ocrx_word' id='word_1_63' title='bbox 1996 786 2203 848; x_wconf 70' lang='lat' dir='ltr'><strong>dextro</strong></span> 
     </span>
     <span class='ocr_line' id='line_1_9' title="bbox 192 881 2204 965; baseline -0.001 -24"><span class='ocrx_word' id='word_1_64' title='bbox 192 902 368 941; x_wconf 88' lang='lat' dir='ltr'><strong>cornu</strong></span> <span class='ocrx_word' id='word_1_65' title='bbox 397 883 554 965; x_wconf 82' lang='lat' dir='ltr'><strong>legio</strong></span> <span class='ocrx_word' id='word_1_66' title='bbox 583 882 941 942; x_wconf 90' lang='lat' dir='ltr'><strong>duodecima</strong></span> <span class='ocrx_word' id='word_1_67' title='bbox 969 892 1028 940; x_wconf 90' lang='lat' dir='ltr'><strong>et</strong></span> <span class='ocrx_word' id='word_1_68' title='bbox 1055 900 1178 941; x_wconf 87' lang='lat' dir='ltr'><strong>non</strong></span> <span class='ocrx_word' id='word_1_69' title='bbox 1205 900 1419 957; x_wconf 88' lang='lat' dir='ltr'><strong>magno</strong></span> <span class='ocrx_word' id='word_1_70' title='bbox 1442 883 1517 941; x_wconf 93' lang='lat' dir='ltr'><strong>ab</strong></span> <span class='ocrx_word' id='word_1_71' title='bbox 1540 889 1611 940; x_wconf 82' lang='lat' dir='ltr'><strong>ea</strong></span> <span class='ocrx_word' id='word_1_72' title='bbox 1630 881 1925 940; x_wconf 67' lang='lat' dir='ltr'><strong>intervallo</strong></span> <span class='ocrx_word' id='word_1_73' title='bbox 1956 881 2204 956; x_wconf 87' lang='lat' dir='ltr'><strong>septima</strong></span> 
     </span>
     <span class='ocr_line' id='line_1_10' title="bbox 194 971 2201 1049; baseline -0.001 -18"><span class='ocrx_word' id='word_1_74' title='bbox 194 974 562 1049; x_wconf 87' lang='lat' dir='ltr'><strong>constitisset,</strong></span> <span class='ocrx_word' id='word_1_75' title='bbox 613 991 822 1033; x_wconf 87' lang='lat' dir='ltr'><strong>omnes</strong></span> <span class='ocrx_word' id='word_1_76' title='bbox 872 974 1071 1032; x_wconf 90' lang='lat' dir='ltr'><strong>Nervii</strong></span> <span class='ocrx_word' id='word_1_77' title='bbox 1127 973 1554 1033; x_wconf 87' lang='lat' dir='ltr'><strong>confertissimo</strong></span> <span class='ocrx_word' id='word_1_78' title='bbox 1603 972 1833 1049; x_wconf 80' lang='lat' dir='ltr'><strong>agmine</strong></span> <span class='ocrx_word' id='word_1_79' title='bbox 1883 971 2036 1029; x_wconf 93' lang='lat' dir='ltr'><strong>duce</strong></span> <span class='ocrx_word' id='word_1_80' title='bbox 2086 972 2201 1030; x_wconf 92' lang='lat' dir='ltr'><strong>Bo-</strong></span> 
     </span>
     <span class='ocr_line' id='line_1_11' title="bbox 192 1054 2201 1147; baseline 0 -26"><span class='ocrx_word' id='word_1_81' title='bbox 192 1064 507 1141; x_wconf 80' lang='lat' dir='ltr'><strong>duognato,</strong></span> <span class='ocrx_word' id='word_1_82' title='bbox 540 1066 643 1141; x_wconf 92' lang='lat' dir='ltr'><strong>qui</strong></span> <span class='ocrx_word' id='word_1_83' title='bbox 681 1083 971 1123; x_wconf 88' lang='lat' dir='ltr'><strong>summam</strong></span> <span class='ocrx_word' id='word_1_84' title='bbox 1009 1063 1242 1147; x_wconf 76' lang='lat' dir='ltr'><strong>imperii</strong></span> <span class='ocrx_word' id='word_1_85' title='bbox 1281 1054 1535 1136; x_wconf 62' lang='lat' dir='ltr'><strong>tenebat}</strong></span> <span class='ocrx_word' id='word_1_86' title='bbox 1566 1063 1644 1121; x_wconf 92' lang='lat' dir='ltr'><strong>ad</strong></span> <span class='ocrx_word' id='word_1_87' title='bbox 1672 1060 2031 1123; x_wconf 74' lang='lat' dir='ltr'><strong>eum‘locum</strong></span> <span class='ocrx_word' id='word_1_88' title='bbox 2060 1080 2201 1121; x_wconf 90' lang='lat' dir='ltr'><strong>con·</strong></span> 
     </span>
     <span class='ocr_line' id='line_1_12' title="bbox 193 1144 2292 1231; baseline 0.002 -20"><span class='ocrx_word' id='word_1_89' title='bbox 193 1153 499 1214; x_wconf 87' lang='lat' dir='ltr'><strong>tenderunt</strong></span> <span class='ocrx_word' id='word_1_90' title='bbox 518 1176 537 1229; x_wconf 80' lang='lat'><strong>,-</strong></span> <span class='ocrx_word' id='word_1_91' title='bbox 580 1173 832 1230; x_wconf 90' lang='lat' dir='ltr'><strong>quorum</strong></span> <span class='ocrx_word' id='word_1_92' title='bbox 862 1172 994 1230; x_wconf 87' lang='lat' dir='ltr'><strong>pars</strong></span> <span class='ocrx_word' id='word_1_93' title='bbox 1022 1162 1224 1230; x_wconf 89' lang='lat' dir='ltr'><strong>aperto</strong></span> <span class='ocrx_word' id='word_1_94' title='bbox 1253 1154 1433 1213; x_wconf 87' lang='lat' dir='ltr'><strong>latere</strong></span> <span class='ocrx_word' id='word_1_95' title='bbox 1462 1154 1721 1231; x_wconf 86' lang='lat' dir='ltr'><strong>legiones</strong></span> <span class='ocrx_word' id='word_1_96' title='bbox 1756 1144 2200 1226; x_wconf 81' lang='lat' dir='ltr'><strong>circumvenire,</strong></span> <span class='ocrx_word' id='word_1_97' title='bbox 2233 1180 2292 1215; x_wconf 90' lang='lat'><strong>10</strong></span> 
     </span>
     <span class='ocr_line' id='line_1_13' title="bbox 193 1244 1695 1348; baseline 0.001 -45"><span class='ocrx_word' id='word_1_98' title='bbox 193 1263 317 1319; x_wconf 86' lang='lat' dir='ltr'><strong>pars</strong></span> <span class='ocrx_word' id='word_1_99' title='bbox 344 1264 644 1304; x_wconf 87' lang='lat' dir='ltr'><strong>summurn</strong></span> <span class='ocrx_word' id='word_1_100' title='bbox 673 1255 994 1304; x_wconf 89' lang='lat' dir='ltr'><strong>castrorum</strong></span> <span class='ocrx_word' id='word_1_101' title='bbox 1020 1244 1219 1304; x_wconf 89' lang='lat' dir='ltr'><strong>locum</strong></span> <span class='ocrx_word' id='word_1_102' title='bbox 1248 1257 1449 1322; x_wconf 91' lang='lat' dir='ltr'><strong>petere</strong></span> <span class='ocrx_word' id='word_1_103' title='bbox 1480 1246 1695 1348; x_wconf 58' lang='lat' dir='ltr'><strong>coepit.</strong></span> 
     </span>
    </p>

    <p class='ocr_par' dir='ltr' id='par_1_5' title="bbox 193 1335 2288 2964">
     <span class='ocr_line' id='line_1_14' title="bbox 266 1335 2201 1412; baseline -0.001 -18"><span class='ocrx_word' id='word_1_104' title='bbox 266 1336 486 1395; x_wconf 90' lang='lat' dir='ltr'>XXIV.</span> <span class='ocrx_word' id='word_1_105' title='bbox 537 1335 776 1395; x_wconf 90' lang='lat' dir='ltr'><strong>Eodem</strong></span> <span class='ocrx_word' id='word_1_106' title='bbox 805 1346 1068 1412; x_wconf 88' lang='lat' dir='ltr'><strong>tempore</strong></span> <span class='ocrx_word' id='word_1_107' title='bbox 1098 1338 1324 1412; x_wconf 89' lang='lat' dir='ltr'><strong>equites</strong></span> <span class='ocrx_word' id='word_1_108' title='bbox 1359 1335 1543 1395; x_wconf 90' lang='lat' dir='ltr'><strong>nostri</strong></span> <span class='ocrx_word' id='word_1_109' title='bbox 1578 1336 1835 1412; x_wconf 88' lang='lat' dir='ltr'><strong>levisque</strong></span> <span class='ocrx_word' id='word_1_110' title='bbox 1878 1344 2201 1393; x_wconf 88' lang='lat' dir='ltr'><strong>armaturae</strong></span> 
     </span>
     <span class='ocr_line' id='line_1_15' title="bbox 193 1424 2199 1503; baseline -0.001 -19"><span class='ocrx_word' id='word_1_111' title='bbox 193 1424 431 1501; x_wconf 80' lang='lat' dir='ltr'><strong>pediteS,</strong></span> <span class='ocrx_word' id='word_1_112' title='bbox 462 1427 566 1501; x_wconf 89' lang='lat' dir='ltr'><strong>qui</strong></span> <span class='ocrx_word' id='word_1_113' title='bbox 595 1445 730 1485; x_wconf 90' lang='lat' dir='ltr'><strong>cum</strong></span> <span class='ocrx_word' id='word_1_114' title='bbox 761 1428 843 1485; x_wconf 90' lang='lat' dir='ltr'><strong>eis</strong></span> <span class='ocrx_word' id='word_1_115' title='bbox 873 1445 990 1485; x_wconf 92' lang='lat' dir='ltr'><strong>una</strong></span> <span class='ocrx_word' id='word_1_116' title='bbox 1015 1427 1258 1499; x_wconf 88' lang='lat' dir='ltr'><strong>fuerant,</strong></span> <span class='ocrx_word' id='word_1_117' title='bbox 1289 1442 1437 1503; x_wconf 83' lang='lat' dir='ltr'><strong>quos</strong></span> <span class='ocrx_word' id='word_1_118' title='bbox 1477 1426 1667 1503; x_wconf 86' lang='lat' dir='ltr'><strong>primo</strong></span> <span class='ocrx_word' id='word_1_119' title='bbox 1697 1427 1949 1485; x_wconf 89' lang='lat' dir='ltr'><strong>hostium</strong></span> <span class='ocrx_word' id='word_1_120' title='bbox 1976 1426 2199 1501; x_wconf 87' lang='lat' dir='ltr'><strong>impetu</strong></span> 
     </span>
     <span class='ocr_line' id='line_1_16' title="bbox 193 1515 2198 1593; baseline 0 -19"><span class='ocrx_word' id='word_1_121' title='bbox 193 1516 380 1591; x_wconf 90' lang='lat' dir='ltr'><strong>pulsos</strong></span> <span class='ocrx_word' id='word_1_122' title='bbox 408 1516 693 1590; x_wconf 81' lang='lat' dir='ltr'><strong>dixeram,</strong></span> <span class='ocrx_word' id='word_1_123' title='bbox 723 1536 860 1575; x_wconf 90' lang='lat' dir='ltr'><strong>cum</strong></span> <span class='ocrx_word' id='word_1_124' title='bbox 887 1526 950 1577; x_wconf 83' lang='lat' dir='ltr'><strong>se</strong></span> <span class='ocrx_word' id='word_1_125' title='bbox 979 1517 1040 1577; x_wconf 92' lang='lat' dir='ltr'><strong>in</strong></span> <span class='ocrx_word' id='word_1_126' title='bbox 1068 1528 1254 1577; x_wconf 88' lang='lat' dir='ltr'><strong>castra</strong></span> <span class='ocrx_word' id='word_1_127' title='bbox 1280 1518 1626 1593; x_wconf 80' lang='lat' dir='ltr'><strong>reciperent,</strong></span> <span class='ocrx_word' id='word_1_128' title='bbox 1654 1516 1908 1575; x_wconf 82' lang='lat' dir='ltr'><strong>adversis</strong></span> <span class='ocrx_word' id='word_1_129' title='bbox 1936 1515 2198 1575; x_wconf 81' lang='lat' dir='ltr'><strong>hostibus</strong></span> 
     </span>
     <span class='ocr_line' id='line_1_17' title="bbox 195 1607 2287 1685; baseline -0.001 -20"><span class='ocrx_word' id='word_1_130' title='bbox 195 1609 574 1667; x_wconf 90' lang='lat' dir='ltr'><strong>occurrebant</strong></span> <span class='ocrx_word' id='word_1_131' title='bbox 615 1626 686 1667; x_wconf 90' lang='lat' dir='ltr'><strong>ac</strong></span> <span class='ocrx_word' id='word_1_132' title='bbox 731 1627 924 1667; x_wconf 89' lang='lat' dir='ltr'><strong>rursus</strong></span> <span class='ocrx_word' id='word_1_133' title='bbox 969 1609 1139 1667; x_wconf 89' lang='lat' dir='ltr'><strong>aliam</strong></span> <span class='ocrx_word' id='word_1_134' title='bbox 1179 1609 1240 1667; x_wconf 91' lang='lat' dir='ltr'><strong>in</strong></span> <span class='ocrx_word' id='word_1_135' title='bbox 1281 1618 1508 1684; x_wconf 89' lang='lat' dir='ltr'><strong>partem</strong></span> <span class='ocrx_word' id='word_1_136' title='bbox 1547 1610 1751 1685; x_wconf 28' lang='lat' dir='ltr'><strong>&#39;fugam</strong></span> <span class='ocrx_word' id='word_1_137' title='bbox 1800 1607 2097 1684; x_wconf 87' lang='lat' dir='ltr'><strong>petebant,</strong></span> <span class='ocrx_word' id='word_1_138' title='bbox 2141 1617 2200 1665; x_wconf 92' lang='lat' dir='ltr'><strong>et</strong></span> <span class='ocrx_word' id='word_1_139' title='bbox 2231 1626 2287 1677; x_wconf 86' lang='lat'><strong>15</strong></span> 
     </span>
     <span class='ocr_line' id='line_1_18' title="bbox 195 1697 2201 1776; baseline 0 -20"><span class='ocrx_word' id='word_1_140' title='bbox 195 1698 436 1772; x_wconf 88' lang='lat' dir='ltr'><strong>calones,</strong></span> <span class='ocrx_word' id='word_1_141' title='bbox 466 1698 573 1775; x_wconf 85' lang='lat' dir='ltr'><strong>qui</strong></span> <span class='ocrx_word' id='word_1_142' title='bbox 600 1699 678 1758; x_wconf 88' lang='lat' dir='ltr'><strong>ab</strong></span> <span class='ocrx_word' id='word_1_143' title='bbox 705 1697 1036 1758; x_wconf 80' lang='lat' dir='ltr'><strong>decumana</strong></span> <span class='ocrx_word' id='word_1_144' title='bbox 1062 1710 1232 1776; x_wconf 86' lang='lat' dir='ltr'><strong>porta</strong></span> <span class='ocrx_word' id='word_1_145' title='bbox 1258 1719 1328 1759; x_wconf 92' lang='lat' dir='ltr'><strong>ac</strong></span> <span class='ocrx_word' id='word_1_146' title='bbox 1356 1718 1587 1759; x_wconf 88' lang='lat' dir='ltr'><strong>summo</strong></span> <span class='ocrx_word' id='word_1_147' title='bbox 1616 1699 1753 1775; x_wconf 91' lang='lat' dir='ltr'><strong>iugo</strong></span> <span class='ocrx_word' id='word_1_148' title='bbox 1782 1699 1941 1757; x_wconf 87' lang='lat' dir='ltr'><strong>collis</strong></span> <span class='ocrx_word' id='word_1_149' title='bbox 1970 1707 2201 1757; x_wconf 89' lang='lat' dir='ltr'><strong>nostros</strong></span> 
     </span>
     <span class='ocr_line' id='line_1_19' title="bbox 193 1780 2198 1867; baseline -0 -20"><span class='ocrx_word' id='word_1_150' title='bbox 193 1790 432 1851; x_wconf 89' lang='lat' dir='ltr'><strong>victores</strong></span> <span class='ocrx_word' id='word_1_151' title='bbox 445 1790 670 1850; x_wconf 87' lang='lat' dir='ltr'><strong>flumen</strong></span> <span class='ocrx_word' id='word_1_152' title='bbox 684 1790 952 1851; x_wconf 87' lang='lat' dir='ltr'><strong>transisse</strong></span> <span class='ocrx_word' id='word_1_153' title='bbox 969 1802 1414 1867; x_wconf 77' lang='lat' dir='ltr'><strong>conspexerant,</strong></span> <span class='ocrx_word' id='word_1_154' title='bbox 1433 1780 1757 1867; x_wconf 87' lang='lat' dir='ltr'><strong>praedandi</strong></span> <span class='ocrx_word' id='word_1_155' title='bbox 1776 1809 1950 1849; x_wconf 89' lang='lat' dir='ltr'><strong>causa</strong></span> <span class='ocrx_word' id='word_1_156' title='bbox 1967 1789 2198 1865; x_wconf 90' lang='lat' dir='ltr'><strong>egressi,</strong></span> 
     </span>
     <span class='ocr_line' id='line_1_20' title="bbox 194 1881 2197 1958; baseline 0 -21"><span class='ocrx_word' id='word_1_157' title='bbox 194 1898 321 1940; x_wconf 89' lang='lat' dir='ltr'><strong>cum</strong></span> <span class='ocrx_word' id='word_1_158' title='bbox 356 1882 752 1958; x_wconf 86' lang='lat' dir='ltr'><strong>respexissent</strong></span> <span class='ocrx_word' id='word_1_159' title='bbox 778 1892 838 1941; x_wconf 93' lang='lat' dir='ltr'><strong>et</strong></span> <span class='ocrx_word' id='word_1_160' title='bbox 864 1882 1063 1943; x_wconf 89' lang='lat' dir='ltr'><strong>hostes</strong></span> <span class='ocrx_word' id='word_1_161' title='bbox 1093 1884 1154 1941; x_wconf 92' lang='lat' dir='ltr'><strong>in</strong></span> <span class='ocrx_word' id='word_1_162' title='bbox 1181 1884 1391 1943; x_wconf 88' lang='lat' dir='ltr'><strong>nostris</strong></span> <span class='ocrx_word' id='word_1_163' title='bbox 1431 1883 1632 1942; x_wconf 87' lang='lat' dir='ltr'><strong>castris</strong></span> <span class='ocrx_word' id='word_1_164' title='bbox 1660 1882 1874 1941; x_wconf 88' lang='lat' dir='ltr'><strong>versari</strong></span> <span class='ocrx_word' id='word_1_165' title='bbox 1898 1881 2197 1951; x_wconf 87' lang='lat' dir='ltr'><strong>vidissent,</strong></span> 
     </span>
     <span class='ocr_line' id='line_1_21' title="bbox 194 1972 2197 2049; baseline 0 -20"><span class='ocrx_word' id='word_1_166' title='bbox 194 1973 532 2049; x_wconf 87' lang='lat' dir='ltr'><strong>praecipites</strong></span> <span class='ocrx_word' id='word_1_167' title='bbox 576 1972 747 2049; x_wconf 86' lang='lat' dir='ltr'><strong>fugae</strong></span> <span class='ocrx_word' id='word_1_168' title='bbox 790 1991 918 2033; x_wconf 92' lang='lat' dir='ltr'><strong>sese</strong></span> <span class='ocrx_word' id='word_1_169' title='bbox 963 1973 1340 2033; x_wconf 87' lang='lat' dir='ltr'><strong>mandabant.</strong></span> <span class='ocrx_word' id='word_1_170' title='bbox 1427 1974 1610 2033; x_wconf 88' lang='lat' dir='ltr'><strong>Simul</strong></span> <span class='ocrx_word' id='word_1_171' title='bbox 1650 1992 1873 2046; x_wconf 90' lang='lat' dir='ltr'><strong>eorum,</strong></span> <span class='ocrx_word' id='word_1_172' title='bbox 1917 1972 2019 2049; x_wconf 90' lang='lat' dir='ltr'><strong>qui</strong></span> <span class='ocrx_word' id='word_1_173' title='bbox 2060 1990 2197 2034; x_wconf 85' lang='lat' dir='ltr'><strong>cum</strong></span> 
     </span>
     <span class='ocr_line' id='line_1_22' title="bbox 195 2062 2288 2142; baseline 0.002 -22"><span class='ocrx_word' id='word_1_174' title='bbox 195 2062 623 2139; x_wconf 84' lang='lat' dir='ltr'><strong>impedimentis</strong></span> <span class='ocrx_word' id='word_1_175' title='bbox 648 2064 978 2139; x_wconf 89' lang='lat' dir='ltr'><strong>veniebant,</strong></span> <span class='ocrx_word' id='word_1_176' title='bbox 1003 2065 1222 2124; x_wconf 88' lang='lat' dir='ltr'><strong>clamor</strong></span> <span class='ocrx_word' id='word_1_177' title='bbox 1249 2064 1627 2142; x_wconf 88' lang='lat' dir='ltr'><strong>fremitusque</strong></span> <span class='ocrx_word' id='word_1_178' title='bbox 1654 2064 1963 2137; x_wconf 86' lang='lat' dir='ltr'><strong>oriebatur,</strong></span> <span class='ocrx_word' id='word_1_179' title='bbox 1986 2064 2197 2140; x_wconf 65' lang='lat' dir='ltr'><strong>aliique</strong></span> <span class='ocrx_word' id='word_1_180' title='bbox 2227 2088 2288 2124; x_wconf 88' lang='lat'><strong>20</strong></span> 
     </span>
     <span class='ocr_line' id='line_1_23' title="bbox 196 2153 2198 2233; baseline 0.001 -21"><span class='ocrx_word' id='word_1_181' title='bbox 196 2153 356 2214; x_wconf 88' lang='lat' dir='ltr'><strong>aliam</strong></span> <span class='ocrx_word' id='word_1_182' title='bbox 382 2155 443 2215; x_wconf 90' lang='lat' dir='ltr'><strong>in</strong></span> <span class='ocrx_word' id='word_1_183' title='bbox 467 2165 704 2233; x_wconf 60' lang='lat' dir='ltr'><strong>⁴partem</strong></span> <span class='ocrx_word' id='word_1_184' title='bbox 731 2157 1014 2233; x_wconf 85' lang='lat' dir='ltr'><strong>perterriti</strong></span> <span class='ocrx_word' id='word_1_185' title='bbox 1035 2157 1379 2217; x_wconf 89' lang='lat' dir='ltr'><strong>ferebantur.</strong></span> <span class='ocrx_word' id='word_1_186' title='bbox 1469 2156 1699 2231; x_wconf 88' lang='lat' dir='ltr'><strong>Quibus</strong></span> <span class='ocrx_word' id='word_1_187' title='bbox 1726 2155 1998 2216; x_wconf 91' lang='lat' dir='ltr'><strong>omnibus</strong></span> <span class='ocrx_word' id='word_1_188' title='bbox 2019 2156 2198 2215; x_wconf 88' lang='lat' dir='ltr'><strong>-rebus</strong></span> 
     </span>
     <span class='ocr_line' id='line_1_24' title="bbox 195 2245 2197 2324; baseline 0.001 -22"><span class='ocrx_word' id='word_1_189' title='bbox 195 2247 434 2318; x_wconf 90' lang='lat' dir='ltr'><strong>permoti</strong></span> <span class='ocrx_word' id='word_1_190' title='bbox 461 2245 696 2324; x_wconf 89' lang='lat' dir='ltr'><strong>equites</strong></span> <span class='ocrx_word' id='word_1_191' title='bbox 723 2247 980 2320; x_wconf 89' lang='lat' dir='ltr'><strong>Treveri,</strong></span> <span class='ocrx_word' id='word_1_192' title='bbox 1017 2265 1267 2324; x_wconf 89' lang='lat' dir='ltr'><strong>quorum</strong></span> <span class='ocrx_word' id='word_1_193' title='bbox 1308 2249 1459 2306; x_wconf 90' lang='lat' dir='ltr'><strong>inter</strong></span> <span class='ocrx_word' id='word_1_194' title='bbox 1496 2246 1695 2308; x_wconf 88' lang='lat' dir='ltr'><strong>Gallos</strong></span> <span class='ocrx_word' id='word_1_195' title='bbox 1731 2246 1953 2306; x_wconf 88' lang='lat' dir='ltr'><strong>virtutis</strong></span> <span class='ocrx_word' id='word_1_196' title='bbox 1994 2247 2197 2323; x_wconf 90' lang='lat' dir='ltr'><strong>opinio</strong></span> 
     </span>
     <span class='ocr_line' id='line_1_25' title="bbox 199 2337 2198 2416; baseline 0.002 -22"><span class='ocrx_word' id='word_1_197' title='bbox 199 2346 281 2395; x_wconf 90' lang='lat' dir='ltr'><strong>est</strong></span> <span class='ocrx_word' id='word_1_198' title='bbox 307 2337 624 2416; x_wconf 84' lang='lat' dir='ltr'><strong>singularis,</strong></span> <span class='ocrx_word' id='word_1_199' title='bbox 655 2338 755 2415; x_wconf 89' lang='lat' dir='ltr'><strong>qui</strong></span> <span class='ocrx_word' id='word_1_200' title='bbox 782 2339 976 2398; x_wconf 84' lang='lat' dir='ltr'><strong>auxilii</strong></span> <span class='ocrx_word' id='word_1_201' title='bbox 1018 2358 1193 2400; x_wconf 87' lang='lat' dir='ltr'><strong>causa</strong></span> <span class='ocrx_word' id='word_1_202' title='bbox 1219 2340 1294 2399; x_wconf 89' lang='lat' dir='ltr'><strong>ab</strong></span> <span class='ocrx_word' id='word_1_203' title='bbox 1321 2339 1553 2400; x_wconf 89' lang='lat' dir='ltr'><strong>civitate</strong></span> <span class='ocrx_word' id='word_1_204' title='bbox 1581 2339 1660 2398; x_wconf 90' lang='lat' dir='ltr'><strong>ad</strong></span> <span class='ocrx_word' id='word_1_205' title='bbox 1690 2339 2003 2399; x_wconf 88' lang='lat' dir='ltr'><strong>Caesarem</strong></span> <span class='ocrx_word' id='word_1_206' title='bbox 2040 2340 2198 2398; x_wconf 88' lang='lat' dir='ltr'><strong>missi</strong></span> 
     </span>
     <span class='ocr_line' id='line_1_26' title="bbox 197 2430 2195 2508; baseline 0.002 -24"><span class='ocrx_word' id='word_1_207' title='bbox 197 2440 477 2506; x_wconf 89' lang='lat' dir='ltr'><strong>venerant,</strong></span> <span class='ocrx_word' id='word_1_208' title='bbox 523 2449 662 2491; x_wconf 87' lang='lat' dir='ltr'><strong>cum</strong></span> <span class='ocrx_word' id='word_1_209' title='bbox 709 2430 1078 2491; x_wconf 85' lang='lat' dir='ltr'><strong>multitudine</strong></span> <span class='ocrx_word' id='word_1_210' title='bbox 1126 2431 1382 2490; x_wconf 87' lang='lat' dir='ltr'><strong>hostium</strong></span> <span class='ocrx_word' id='word_1_211' title='bbox 1432 2441 1619 2491; x_wconf 86' lang='lat' dir='ltr'><strong>castra</strong></span> <span class='ocrx_word' id='word_1_212' title='bbox 1659 2430 1941 2508; x_wconf 90' lang='lat' dir='ltr'><strong>compleri</strong></span> <span class='ocrx_word' id='word_1_213' title='bbox 1983 2441 2195 2504; x_wconf 91' lang='lat' dir='ltr'><strong>nostra,</strong></span> 
     </span>
     <span class='ocr_line' id='line_1_27' title="bbox 198 2517 2286 2604; baseline 0.005 -28"><span class='ocrx_word' id='word_1_214' title='bbox 198 2517 443 2594; x_wconf 87' lang='lat' dir='ltr'><strong>legiones</strong></span> <span class='ocrx_word' id='word_1_215' title='bbox 469 2523 662 2600; x_wconf 90' lang='lat' dir='ltr'><strong>premi</strong></span> <span class='ocrx_word' id='word_1_216' title='bbox 691 2534 750 2583; x_wconf 90' lang='lat' dir='ltr'><strong>et</strong></span> <span class='ocrx_word' id='word_1_217' title='bbox 777 2542 967 2604; x_wconf 85' lang='lat' dir='ltr'><strong>paene</strong></span> <span class='ocrx_word' id='word_1_218' title='bbox 996 2525 1418 2584; x_wconf 86' lang='lat' dir='ltr'><strong>circumventas</strong></span> <span class='ocrx_word' id='word_1_219' title='bbox 1446 2523 1648 2596; x_wconf 89' lang='lat' dir='ltr'><strong>teneri,</strong></span> <span class='ocrx_word' id='word_1_220' title='bbox 1673 2523 1929 2596; x_wconf 82' lang='lat' dir='ltr'><strong>caloneS,</strong></span> <span class='ocrx_word' id='word_1_221' title='bbox 1953 2524 2195 2598; x_wconf 81' lang='lat' dir='ltr'><strong>equiteS,</strong></span> <span class='ocrx_word' id='word_1_222' title='bbox 2226 2553 2253 2587; x_wconf 90' lang='lat'><strong>2</strong></span> <span class='ocrx_word' id='word_1_223' title='bbox 2261 2552 2286 2604; x_wconf 82' lang='lat'>5</span> 
     </span>
     <span class='ocr_line' id='line_1_28' title="bbox 198 2609 2196 2692; baseline 0.003 -26"><span class='ocrx_word' id='word_1_224' title='bbox 198 2609 526 2686; x_wconf 84' lang='lat' dir='ltr'><strong>funditores,</strong></span> <span class='ocrx_word' id='word_1_225' title='bbox 561 2614 851 2674; x_wconf 88' lang='lat' dir='ltr'><strong>Numidas</strong></span> <span class='ocrx_word' id='word_1_226' title='bbox 892 2615 1150 2676; x_wconf 89' lang='lat' dir='ltr'><strong>diversos</strong></span> <span class='ocrx_word' id='word_1_227' title='bbox 1192 2615 1619 2692; x_wconf 89' lang='lat' dir='ltr'><strong>dissipatosque</strong></span> <span class='ocrx_word' id='word_1_228' title='bbox 1660 2615 1721 2673; x_wconf 89' lang='lat' dir='ltr'><strong>in</strong></span> <span class='ocrx_word' id='word_1_229' title='bbox 1759 2633 1964 2674; x_wconf 90' lang='lat' dir='ltr'><strong>omnes</strong></span> <span class='ocrx_word' id='word_1_230' title='bbox 2006 2625 2196 2690; x_wconf 87' lang='lat' dir='ltr'><strong>partes</strong></span> 
     </span>
     <span class='ocr_line' id='line_1_29' title="bbox 199 2699 2197 2782; baseline 0.003 -25"><span class='ocrx_word' id='word_1_231' title='bbox 199 2699 381 2776; x_wconf 87' lang='lat' dir='ltr'><strong>fugere</strong></span> <span class='ocrx_word' id='word_1_232' title='bbox 419 2704 722 2779; x_wconf 89' lang='lat' dir='ltr'><strong>vidissent,</strong></span> <span class='ocrx_word' id='word_1_233' title='bbox 767 2705 1084 2782; x_wconf 89' lang='lat' dir='ltr'><strong>desperatis</strong></span> <span class='ocrx_word' id='word_1_234' title='bbox 1124 2707 1334 2765; x_wconf 84' lang='lat' dir='ltr'><strong>nostris</strong></span> <span class='ocrx_word' id='word_1_235' title='bbox 1374 2707 1548 2765; x_wconf 89' lang='lat' dir='ltr'><strong>rebus</strong></span> <span class='ocrx_word' id='word_1_236' title='bbox 1591 2706 1834 2765; x_wconf 90' lang='lat' dir='ltr'><strong>domum</strong></span> <span class='ocrx_word' id='word_1_237' title='bbox 1880 2704 2197 2764; x_wconf 89' lang='lat' dir='ltr'><strong>contende·</strong></span> 
     </span>
     <span class='ocr_line' id='line_1_30' title="bbox 201 2795 2195 2874; baseline 0.003 -26"><span class='ocrx_word' id='word_1_238' title='bbox 201 2801 319 2850; x_wconf 87' lang='lat' dir='ltr'><strong>runt</strong></span> <span class='ocrx_word' id='word_1_239' title='bbox 339 2814 356 2866; x_wconf 80' lang='lat'><em>3</em></span> <span class='ocrx_word' id='word_1_240' title='bbox 393 2795 700 2856; x_wconf 90' lang='lat' dir='ltr'><strong>Romanos</strong></span> <span class='ocrx_word' id='word_1_241' title='bbox 727 2797 924 2872; x_wconf 89' lang='lat' dir='ltr'><strong>pulsos</strong></span> <span class='ocrx_word' id='word_1_242' title='bbox 954 2807 1392 2874; x_wconf 89' lang='lat' dir='ltr'><strong>superatosque,</strong></span> <span class='ocrx_word' id='word_1_243' title='bbox 1417 2797 1615 2856; x_wconf 89' lang='lat' dir='ltr'><strong>castris</strong></span> <span class='ocrx_word' id='word_1_244' title='bbox 1644 2796 2195 2873; x_wconf 89' lang='lat' dir='ltr'><strong>impedimentisque</strong></span> 
     </span>
     <span class='ocr_line' id='line_1_31' title="bbox 204 2885 2191 2964; baseline 0.005 -26"><span class='ocrx_word' id='word_1_245' title='bbox 204 2897 392 2942; x_wconf 89' lang='lat' dir='ltr'><strong>eorum</strong></span> <span class='ocrx_word' id='word_1_246' title='bbox 417 2885 616 2947; x_wconf 82' lang='lat' dir='ltr'><strong>hostes</strong></span> <span class='ocrx_word' id='word_1_247' title='bbox 644 2889 862 2964; x_wconf 88' lang='lat' dir='ltr'><strong>potitos</strong></span> <span class='ocrx_word' id='word_1_248' title='bbox 891 2888 1104 2947; x_wconf 88' lang='lat' dir='ltr'><strong>civitati</strong></span> <span class='ocrx_word' id='word_1_249' title='bbox 1130 2889 1623 2948; x_wconf 90' lang='lat' dir='ltr'><strong>renuntiaverunt.</strong></span> <span class='ocrx_word' id='word_1_250' title='bbox 2186 2891 2191 2894; x_wconf 83' lang='grc'><strong>’</strong></span> 
     </span>
    </p>
   </div>
   <div class='ocr_carea' id='block_1_5' title="bbox 203 3065 2195 3210">
    <p class='ocr_par' dir='ltr' id='par_1_6' title="bbox 203 3065 2195 3210">
     <span class='ocr_line' id='line_1_32' title="bbox 203 3065 2195 3208; baseline 0.004 -90"><span class='ocrx_word' id='word_1_251' title='bbox 203 3065 316 3121; x_wconf 85' lang='lat' dir='ltr'><strong>But</strong></span> <span class='ocrx_word' id='word_1_252' title='bbox 335 3077 396 3124; x_wconf 81' lang='lat' dir='ltr'><strong>at</strong></span> <span class='ocrx_word' id='word_1_253' title='bbox 418 3071 606 3144; x_wconf 80' lang='lat' dir='ltr'><strong>length</strong></span> <span class='ocrx_word' id='word_1_254' title='bbox 633 3072 722 3126; x_wconf 76' lang='lat' dir='ltr'><strong>the</strong></span> <span class='ocrx_word' id='word_1_255' title='bbox 745 3074 962 3128; x_wconf 76' lang='lat' dir='ltr'><strong>Nervii</strong></span> <span class='ocrx_word' id='word_1_256' title='bbox 981 3089 1082 3128; x_wconf 79' lang='lat' dir='ltr'><strong>are</strong></span> <span class='ocrx_word' id='word_1_257' title='bbox 1104 3073 1302 3208; x_wconf 50' lang='lat' dir='ltr'><strong>mag?</strong></span> <span class='ocrx_word' id='word_1_258' title='bbox 1327 3073 1614 3144; x_wconf 75' lang='lat' dir='ltr'><strong>defiated,·</strong></span> <span class='ocrx_word' id='word_1_259' title='bbox 1651 3072 1742 3126; x_wconf 80' lang='lat' dir='ltr'><strong>the</strong></span> <span class='ocrx_word' id='word_1_260' title='bbox 1760 3075 1891 3142; x_wconf 87' lang='lat' dir='ltr'><strong>few</strong></span> <span class='ocrx_word' id='word_1_261' title='bbox 1915 3079 2013 3126; x_wconf 85' lang='lat' dir='ltr'><strong>not</strong></span> <span class='ocrx_word' id='word_1_262' title='bbox 2042 3072 2195 3126; x_wconf 81' lang='lat' dir='ltr'><strong>slain</strong></span> 
     </span>
     <span class='ocr_line' id='line_1_33' title="bbox 1025 3171 1343 3210; baseline 0.006 -2"><span class='ocrx_word' id='word_1_263' title='bbox 1025 3171 1228 3210; x_wconf 85' lang='lat' dir='ltr'><strong>surren</strong></span> <span class='ocrx_word' id='word_1_264' title='bbox 1268 3172 1343 3210; x_wconf 82' lang='lat' dir='ltr'><strong>er.</strong></span> 
     </span>
    </p>
   </div>
   <div class='ocr_carea' id='block_1_6' title="bbox 209 3274 2283 3812">
    <p class='ocr_par' dir='ltr' id='par_1_7' title="bbox 209 3274 2283 3812">
     <span class='ocr_line' id='line_1_34' title="bbox 283 3274 2283 3364; baseline 0.002 -26"><span class='ocrx_word' id='word_1_265' title='bbox 283 3279 459 3340; x_wconf 70' lang='lat' dir='ltr'><strong>XXV.&#39;</strong></span> <span class='ocrx_word' id='word_1_266' title='bbox 499 3285 719 3344; x_wconf 79' lang='lat' dir='ltr'><strong>Caesar</strong></span> <span class='ocrx_word' id='word_1_267' title='bbox 758 3287 834 3346; x_wconf 89' lang='lat' dir='ltr'><strong>ab</strong></span> <span class='ocrx_word' id='word_1_268' title='bbox 878 3274 1142 3346; x_wconf 87' lang='lat' dir='ltr'><strong>decimae</strong></span> <span class='ocrx_word' id='word_1_269' title='bbox 1190 3287 1436 3364; x_wconf 77' lang='lat' dir='ltr'><strong>legionis</strong></span> <span class='ocrx_word' id='word_1_270' title='bbox 1484 3287 1887 3346; x_wconf 90' lang='lat' dir='ltr'><strong>cohortatione</strong></span> <span class='ocrx_word' id='word_1_271' title='bbox 1929 3285 2008 3345; x_wconf 91' lang='lat' dir='ltr'><strong>ad</strong></span> <span class='ocrx_word' id='word_1_272' title='bbox 2049 3285 2190 3346; x_wconf 84' lang='lat' dir='ltr'><strong>dex·</strong></span> <span class='ocrx_word' id='word_1_273' title='bbox 2217 3304 2283 3355; x_wconf 88' lang='lat'><strong>30</strong></span> 
     </span>
     <span class='ocr_line' id='line_1_35' title="bbox 209 3375 2191 3456; baseline 0.003 -28"><span class='ocrx_word' id='word_1_274' title='bbox 209 3375 346 3428; x_wconf 85' lang='lat' dir='ltr'><strong>trum</strong></span> <span class='ocrx_word' id='word_1_275' title='bbox 399 3391 577 3448; x_wconf 82' lang='lat' dir='ltr'><strong>cornu</strong></span> <span class='ocrx_word' id='word_1_276' title='bbox 633 3377 945 3456; x_wconf 73' lang='lat' dir='ltr'><strong>profectus,</strong></span> <span class='ocrx_word' id='word_1_277' title='bbox 991 3378 1092 3437; x_wconf 90' lang='lat' dir='ltr'><strong>ubi</strong></span> <span class='ocrx_word' id='word_1_278' title='bbox 1139 3397 1274 3437; x_wconf 90' lang='lat' dir='ltr'><strong>suos</strong></span> <span class='ocrx_word' id='word_1_279' title='bbox 1323 3378 1513 3454; x_wconf 90' lang='lat' dir='ltr'><strong>urgeri</strong></span> <span class='ocrx_word' id='word_1_280' title='bbox 1560 3379 1852 3454; x_wconf 73' lang='lat' dir='ltr'><strong>signisque</strong></span> <span class='ocrx_word' id='word_1_281' title='bbox 1888 3378 1961 3446; x_wconf 64' lang='lat' dir='ltr'><strong>,in</strong></span> <span class='ocrx_word' id='word_1_282' title='bbox 2008 3395 2191 3435; x_wconf 90' lang='lat' dir='ltr'><strong>unum</strong></span> 
     </span>
     <span class='ocr_line' id='line_1_36' title="bbox 210 3454 2192 3548; baseline 0.007 -36"><span class='ocrx_word' id='word_1_283' title='bbox 210 3454 390 3520; x_wconf 89' lang='lat' dir='ltr'><strong>locum</strong></span> <span class='ocrx_word' id='word_1_284' title='bbox 447 3466 665 3526; x_wconf 90' lang='lat' dir='ltr'><strong>collatis</strong></span> <span class='ocrx_word' id='word_1_285' title='bbox 721 3467 1125 3548; x_wconf 58' lang='lat' dir='ltr'><strong>duodecimae</strong></span> <span class='ocrx_word' id='word_1_286' title='bbox 1143 3483 1156 3492; x_wconf 83' lang='lat'><strong>·</strong></span> <span class='ocrx_word' id='word_1_287' title='bbox 1174 3469 1417 3544; x_wconf 90' lang='lat' dir='ltr'><strong>legionis</strong></span> <span class='ocrx_word' id='word_1_288' title='bbox 1451 3469 1766 3528; x_wconf 65' lang='lat' dir='ltr'><strong>&gt;⁸confertos</strong></span> <span class='ocrx_word' id='word_1_289' title='bbox 1823 3468 2028 3526; x_wconf 89' lang='lat' dir='ltr'><strong>milites</strong></span> <span class='ocrx_word' id='word_1_290' title='bbox 2084 3469 2192 3527; x_wconf 88' lang='lat' dir='ltr'><strong>sibi</strong></span> 
     </span>
     <span class='ocr_line' id='line_1_37' title="bbox 211 3545 2191 3640; baseline 0.004 -32"><span class='ocrx_word' id='word_1_291' title='bbox 211 3545 361 3629; x_wconf 52' lang='lat' dir='ltr'><strong>ipsos⁶</strong></span> <span class='ocrx_word' id='word_1_292' title='bbox 393 3554 467 3612; x_wconf 89' lang='lat' dir='ltr'><strong>ad</strong></span> <span class='ocrx_word' id='word_1_293' title='bbox 506 3549 762 3638; x_wconf 71' lang='lat' dir='ltr'><strong>pugnarn</strong></span> <span class='ocrx_word' id='word_1_294' title='bbox 804 3577 930 3618; x_wconf 83' lang='lat' dir='ltr'><strong>esse</strong></span> <span class='ocrx_word' id='word_1_295' title='bbox 975 3559 1401 3634; x_wconf 90' lang='lat' dir='ltr'><strong>impedimento</strong></span> <span class='ocrx_word' id='word_1_296' title='bbox 1442 3560 1602 3631; x_wconf 85' lang='lat' dir='ltr'><strong>vidit,</strong></span> <span class='ocrx_word' id='word_1_297' title='bbox 1648 3569 1885 3634; x_wconf 89' lang='lat' dir='ltr'><strong>quartae</strong></span> <span class='ocrx_word' id='word_1_298' title='bbox 1912 3558 2191 3640; x_wconf 70' lang='lat' dir='ltr'><strong>¹cohortis</strong></span> 
     </span>
     <span class='ocr_line' id='line_1_38' title="bbox 213 3640 2189 3732; baseline 0.006 -35"><span class='ocrx_word' id='word_1_299' title='bbox 213 3640 463 3703; x_wconf 85' lang='lat' dir='ltr'><strong>omnibus</strong></span> <span class='ocrx_word' id='word_1_300' title='bbox 501 3647 934 3708; x_wconf 89' lang='lat' dir='ltr'><strong>centurionibus</strong></span> <span class='ocrx_word' id='word_1_301' title='bbox 975 3650 1184 3708; x_wconf 88' lang='lat' dir='ltr'><strong>occisis</strong></span> <span class='ocrx_word' id='word_1_302' title='bbox 1226 3651 1613 3726; x_wconf 90' lang='lat' dir='ltr'><strong>signiferoque</strong></span> <span class='ocrx_word' id='word_1_303' title='bbox 1656 3650 1980 3732; x_wconf 82' lang='lat' dir='ltr'><strong>interfectO,</strong></span> <span class='ocrx_word' id='word_1_304' title='bbox 2024 3651 2189 3725; x_wconf 87' lang='lat' dir='ltr'><strong>signo</strong></span> 
     </span>
     <span class='ocr_line' id='line_1_39' title="bbox 213 3729 2276 3812; baseline 0.005 -24"><span class='ocrx_word' id='word_1_305' title='bbox 213 3729 425 3806; x_wconf 85' lang='lat' dir='ltr'><strong>amisso,</strong></span> <span class='ocrx_word' id='word_1_306' title='bbox 454 3738 794 3812; x_wconf 88' lang='lat' dir='ltr'><strong>reliquarum</strong></span> <span class='ocrx_word' id='word_1_307' title='bbox 824 3740 1150 3799; x_wconf 89' lang='lat' dir='ltr'><strong>cohortium</strong></span> <span class='ocrx_word' id='word_1_308' title='bbox 1179 3742 1451 3799; x_wconf 88' lang='lat' dir='ltr'><strong>omnibus</strong></span> <span class='ocrx_word' id='word_1_309' title='bbox 1480 3741 1598 3799; x_wconf 90' lang='lat' dir='ltr'><strong>fere</strong></span> <span class='ocrx_word' id='word_1_310' title='bbox 1628 3741 2062 3799; x_wconf 90' lang='lat' dir='ltr'><strong>centurionibus</strong></span> <span class='ocrx_word' id='word_1_311' title='bbox 2090 3751 2189 3798; x_wconf 89' lang='lat' dir='ltr'><strong>aut</strong></span> <span class='ocrx_word' id='word_1_312' title='bbox 2216 3763 2276 3812; x_wconf 84' lang='lat'><strong>35</strong></span> 
     </span>
    </p>
   </div>
  </div>
 </body>
</html>
