2796 4207
468 246 551 311 94
1121 262 1231 316 DE
1285 260 1541 315 BELLO
1596 259 1833 314 GALLI
1843 259 1944 313 CO

557 424 922 499 iniquitatem
954 424 1089 495 loci,
1119 442 1256 481 curn
1285 423 1394 499 ipsi
1424 440 1499 481 ex
1532 422 1826 482 montibus
1856 424 1913 481 in
1942 423 2151 482 vallem
2193 420 2573 483 decurrerent

559 525 619 574 et
645 515 762 574 tela
788 515 1146 586 conicerent,
1175 532 1252 571 ne
1280 514 1531 589 primum
1575 512 1813 589 quidem
1856 530 2029 589 posse
2072 513 2359 589 impetum
2400 534 2572 575 suum

560 605 824 665 sustineri
867 605 1288 663 existimabant.
1373 604 1730 676 Accedebat,
1760 603 1923 679 quod
1966 622 2103 664 suos
2144 605 2221 663 ab
2253 624 2315 665 se
2358 607 2573 667 liberos

560 698 878 756 abstractos
907 695 1177 755 obsidum
1207 696 1447 753 nomine
1487 694 1779 768 dolebant,
1810 705 1870 753 et
1899 697 2204 757 Romanos
2232 717 2353 757 non
2382 700 2574 759 solum

509 802 535 855 5
561 788 831 847 itinerum
880 804 1073 858 causa,
1123 785 1229 844 sed
1279 786 1456 843 etiam
1504 795 1819 861 perpetuae
1878 788 2261 861 possessionis
2315 790 2577 848 culmina

563 880 799 955 Alpium
841 895 1132 952 occupare
1173 876 1376 935 conari
1410 885 1470 934 et
1503 893 1575 933 ea
1600 875 1731 934 loca
1772 876 2050 937 finitimae
2092 881 2425 956 provinciae
2468 878 2573 938 ad-

563 972 801 1045 iungere
831 968 938 1028 sibi
967 985 1303 1043 persuasum
1333 966 1645 1026 habebant.

647 1062 764 1120 III.
809 1060 922 1118 His
959 1059 1174 1117 nuntiis
1212 1058 1469 1132 acceptis
1500 1059 1705 1132 Galba,
1737 1079 1873 1119 cum
1902 1079 2093 1137 neque
2124 1080 2272 1138 opus
2302 1062 2575 1120 hiberno-

565 1172 692 1211 rum
723 1150 1194 1225 munitionesque
1224 1150 1394 1224 plene
1420 1159 1614 1208 essent
1636 1152 1937 1226 perfectae,
1970 1171 2162 1228 neque
2186 1152 2263 1211 de
2284 1154 2579 1211 frumento

483 1272 540 1307 10
565 1243 907 1317 reliquoque
956 1248 1292 1299 commeatu
1335 1240 1472 1298 satis
1516 1251 1669 1299 esset
1709 1243 2021 1318 provisum,
2066 1243 2227 1318 quod
2272 1242 2580 1301 deditione

566 1336 719 1393 facta
760 1331 1176 1407 obsidibusque
1219 1332 1479 1408 acceptis
1517 1333 1661 1391 nihil
1701 1334 1776 1393 de
1818 1335 1973 1393 bello
2014 1334 2342 1394 timendum
2384 1336 2580 1393 existi-

549 1436 841 1497 maverat,
899 1424 1141 1483 consilio
1197 1425 1461 1483 celeriter
1512 1436 1841 1485 convocato
1902 1428 2215 1485 sententias
2276 1428 2583 1502 exquirere

569 1518 781 1593 coepit.
854 1516 992 1589 Quo
1015 1516 1072 1573 in
1096 1516 1360 1589 consilio,
1383 1534 1520 1575 cum
1544 1527 1766 1576 tantum
1787 1517 2075 1592 repentini
2095 1518 2335 1593 periculi
2353 1528 2587 1594 praeter

570 1608 911 1685 opinionem
941 1606 1252 1665 accidisset
1281 1627 1350 1666 ac
1380 1608 1496 1667 iam
1526 1609 1723 1667 omnia
1750 1609 1868 1667 fere
1898 1609 2193 1684 superiora
2222 1608 2353 1667 loca
2389 1609 2583 1667 multi-

488 1717 544 1769 15
571 1700 776 1760 tudine
817 1711 1170 1760 armatorum
1212 1701 1509 1776 completa
1550 1700 2042 1776 conspicerentur,
2084 1718 2278 1775 neque
2321 1700 2587 1759 subsidio

571 1793 752 1851 veniri
779 1810 975 1867 neque
1004 1801 1368 1850 commeatus
1397 1792 1723 1867 supportari
1755 1790 2073 1849 interclusis
2116 1790 2413 1849 itineribus
2446 1808 2587 1867 pos-

573 1896 721 1958 sent,
763 1903 950 1962 prope
993 1886 1106 1943 iam
1149 1884 1457 1961 desperata
1497 1884 1677 1943 salute
1721 1884 2033 1942 nonnullae
2074 1882 2411 1942 huiusmodi
2452 1902 2589 1943 sen-

574 1978 790 2037 tentiae
838 1977 1197 2047 dicebantur,
1242 1985 1306 2034 ut
1346 1975 1783 2050 impedimentis
1829 1975 2041 2033 relictis
2087 1975 2391 2050 eruptione
2435 1977 2594 2034 facta

577 2072 760 2132 isdem
819 2072 1137 2143 itineribus,
1185 2070 1394 2146 quibus
1440 2087 1515 2129 eo
1562 2069 1977 2146 pervenissent,
2024 2067 2100 2127 ad
2150 2069 2394 2128 salutem
2445 2087 2591 2129 con-

491 2187 552 2222 20
578 2163 904 2222 tenderent.
990 2162 1201 2220 Maiori
1256 2170 1453 2220 tamen
1507 2161 1655 2235 parti
1708 2160 1943 2236 placuit,
2001 2159 2116 2217 hoc
2172 2169 2464 2219 reservato
2513 2159 2596 2219 ad

578 2265 904 2313 extremum
958 2253 1202 2312 consilio
1255 2251 1484 2310 interim
1540 2250 1621 2308 rei
1677 2259 1950 2308 eventum
2004 2250 2251 2326 experiri
2300 2259 2359 2308 et
2404 2261 2597 2309 castra

579 2345 915 2405 defendere.

645 2540 789 2613 They
813 2558 912 2594 are
935 2536 1201 2610 repulsed
1214 2535 1279 2604 by
1307 2533 1504 2600 Galba,
1531 2530 1659 2586 who
1684 2529 2025 2585 withdraws
2048 2535 2103 2584 to
2127 2527 2219 2584 tlte
2241 2530 2541 2584 Province.

665 2679 772 2736 IV.
821 2677 990 2736 Brevi
1019 2675 1204 2753 spatio
1243 2668 1565 2737 interiect0,
1594 2665 1687 2723 vix
1716 2674 1780 2722 ut
1808 2664 1891 2723 eis
1918 2664 2110 2736 rebuS‚
2140 2681 2284 2738 quas
2312 2664 2599 2723 constitu-

584 2768 780 2841 issent,
801 2767 1157 2827 collocandis
1180 2774 1355 2840 atque
1380 2754 1851 2817 administrandis
1873 2763 2106 2830 tempus
2128 2753 2377 2826 daretur,
2396 2753 2602 2814 hostes

500 2871 558 2924 25
587 2877 660 2917 ex
693 2859 964 2918 omnibus
1006 2858 1261 2934 partibus
1305 2855 1472 2931 signo
1516 2850 1655 2909 dato
1699 2846 2023 2918 decurrere,
2054 2843 2279 2920 lapides
2306 2863 2602 2920 gaesaque

586 2951 646 3008 in
673 2950 883 3008 vallum
914 2949 1202 3007 conicere.
1289 2945 1488 3005 Nostri
1531 2941 1720 3019 primo
1763 2936 1999 3012 integris
2025 2935 2240 2994 viribus
2268 2935 2490 2994 fortiter
2517 2955 2620 3000 re-,

587 3058 847 3118 pugnare
875 3057 1068 3114 neque
1100 3039 1275 3097 ullum
1307 3038 1511 3095 frustra
1540 3033 1720 3092 telum
1750 3048 1824 3088 ex
1851 3027 1985 3086 loco
2014 3026 2310 3103 superiore
2348 3026 2602 3097 mittere,

589 3141 653 3191 ut
681 3149 949 3207 quaeque
984 3148 1115 3206 pars
1157 3139 1475 3188 castrorum
1518 3128 1736 3187 nudata
1781 3119 2183 3182 defensoribus
2225 3117 2411 3193 premi
2439 3116 2602 3175 vide-

589 3224 774 3295 batur,
805 3241 880 3280 eo
917 3239 1220 3280 occurrere
1250 3229 1308 3279 et
1335 3219 1611 3278 auxilium
1640 3220 1804 3292 ferre,
1836 3217 1942 3276 sed
1978 3213 2092 3271 hoc
2133 3208 2408 3284 superari,
2440 3207 2607 3284 quod

505 3339 566 3389 30
591 3314 964 3372 diuturnitate
1009 3331 1239 3388 pugnae
1289 3312 1486 3370 hostes
1536 3309 1749 3369 defessi
1798 3307 2021 3386 proelio
2072 3299 2459 3371 excedebant,
2510 3297 2608 3356 alii

591 3404 825 3479 integris
853 3403 1063 3462 viribus
1093 3401 1489 3461 succedebant
1510 3423 1527 3475 3
1570 3419 1815 3477 quarum
1843 3419 2031 3459 rerum
2065 3417 2101 3456 a
2128 3392 2337 3453 nostris
2366 3399 2611 3467 propter

526 3507 531 3512 '
593 3494 945 3570 paucitatem
973 3493 1096 3551 fieri
1124 3493 1264 3551 nihil
1292 3501 1539 3568 poterat,
1570 3511 1639 3550 ac
1666 3510 1789 3551 non
1822 3491 2005 3551 modo
2046 3489 2278 3549 defesso
2307 3503 2382 3543 ex
2409 3499 2611 3558 pugna

595 3583 940 3654 excedendi,
983 3583 1086 3642 sed
1125 3601 1199 3641 ne
1243 3584 1441 3641 saucio
1486 3582 1725 3658 quidem
1768 3583 1891 3642 eius
1933 3583 2066 3654 loci,
2104 3581 2206 3640 ubi
2248 3574 2609 3643 constiterat,

595 3673 959 3749 relinquendi
989 3693 1058 3732 ac
1089 3675 1176 3733 sui
1204 3672 1526 3748 recipiendi
1555 3673 1791 3732 facultas
1822 3673 2082 3732 dabatur.

511 3784 571 3835 35
677 3765 749 3822 V.
795 3765 948 3824 Cum
976 3765 1091 3822 iam
1120 3764 1366 3838 amplius
1410 3763 1564 3822 horis
1606 3783 1708 3822 sex
1750 3765 2116 3822 continenter
2156 3771 2513 3840 pugnaretur
2540 3776 2611 3817 ac

599 3871 721 3912 non
769 3854 955 3912 solum
1000 3855 1165 3925 vireS‚
1213 3852 1319 3912 sed
1369 3854 1545 3912 etiam
1595 3854 1709 3912 tela
1763 3864 1991 3914 nostros
2047 3852 2385 3926 deficerent,
2434 3862 2612 3930 atque
