2796 4207
862 225 1008 280 Lm.
1056 225 1135 281 11.
1182 229 1352 283 CAP.
1396 227 1710 286 xv1-xx.
2248 216 2331 282 85

238 405 435 464 passus
477 388 703 448 circiter
742 389 1030 451 ducentos
1072 392 1304 453 infimus
1344 405 1598 470 apertuS,
1629 397 1704 456 ab
1743 400 2043 476 superiore
2077 411 2239 480 parte

234 479 523 552 silvestris,-
552 491 612 539 ut
648 499 771 540 non
811 482 979 542 facile
1023 483 1301 543 introrsus
1340 487 1596 562 perspici
1636 500 1854 564 posset.
1941 492 2102 552 Intra
2143 511 2242 552 eas

231 569 397 628 silvas
448 570 646 631 hostes
692 573 755 630 in
798 574 1035 632 occulto
1082 592 1211 634 sese
1267 577 1686 653 continebant,
1745 581 1803 640 in
1851 593 2056 656 aperto
2105 583 2241 642 loco

230 663 557 722 secundum
585 665 801 724 flumen
831 683 1052 742 paucae
1080 667 1359 728 stationes
1388 670 1648 746 equitum
1677 672 2040 734 videbantur.
2113 677 2162 735 F
2161 677 2241 736 lu-

230 754 397 813 minis
425 765 548 813 erat
575 757 819 816 altitudo
846 757 1075 817 circiter
1100 759 1323 836 pedum
1350 761 1540 820 trium.
2271 785 2298 840 5

307 847 466 905 XIX.
514 847 732 907 Caesar
772 850 1032 924 equitatu
1080 852 1403 926 praemisso
1453 855 1922 930 subsequebatur
1968 859 2241 918 omnibus

231 937 450 1012 copiis;
494 938 600 996 sed
628 940 773 998 ratio
803 938 1069 1017 ordoque
1098 943 1346 1016 agminis
1376 944 1538 1002 aliter
1565 963 1626 1003 se
1659 945 1911 1006 habebat
1933 967 2004 1006 ac
2027 949 2240 1025 Belgae

228 1027 303 1085 ad
328 1029 574 1088 Nervios
596 1029 940 1090 detulerant.
1014 1031 1171 1090 Nam
1199 1033 1363 1108 quod
1393 1033 1471 1094 ad
1499 1035 1680 1096 hostis
1710 1040 2236 1116 appropinquabat,

225 1119 651 1178 consuetudine
701 1139 808 1180 sua
855 1121 1073 1180 Caesar
1121 1141 1221 1182 sex
1268 1123 1530 1201 legiones
1587 1128 1891 1203 expeditas
1946 1130 2237 1203 ducebat;

224 1221 356 1286 post
382 1229 481 1270 eas
508 1211 689 1270 totius
734 1214 1020 1272 exercitus
1062 1214 1484 1291 impedimenta
1524 1219 1875 1292 collocarat;
1919 1220 2057 1281 inde
2086 1220 2238 1281 duae
2273 1248 2330 1283 10

224 1303 498 1378 legiones,
556 1321 711 1380 quae
767 1323 1053 1380 proxume
1120 1308 1486 1385 conscriptae
1543 1321 1722 1384 erant,
1781 1323 1972 1371 totum
2028 1331 2241 1388 agmen

225 1393 576 1454 claudebant
604 1395 1013 1472 praesidioque
1044 1397 1480 1474 impedimentis
1516 1411 1698 1460 erant.
1785 1403 2029 1478 Equites
2058 1405 2240 1462 nostri

226 1502 363 1542 cum
405 1485 791 1545 funditoribus
840 1488 1257 1565 sagittariisque
1296 1489 1514 1550 flumen
1551 1495 1886 1569 transgressi
1923 1512 2062 1552 cum
2103 1495 2234 1553 hos·

228 1576 371 1634 tium
401 1577 659 1653 equitatu
688 1579 975 1653 proelium
1014 1581 1450 1641 commiserunt.
1533 1583 1687 1643 Cum
1715 1602 1778 1643 se
1807 1584 1886 1642 illi
1914 1584 2238 1688 identidem

228 1667 290 1724 in
322 1667 485 1726 silvas
528 1667 608 1726 ad
649 1686 786 1728 suos
828 1672 1157 1747 reciperent
1194 1691 1263 1731 ac
1298 1691 1490 1732 rursus
1519 1692 1593 1732 ex
1620 1675 1801 1733 silva
1787 1693 1844 1734 m
1873 1687 2103 1735 nostros
2133 1667 2236 1734 iin-
2273 1705 2328 1757 15

226 1766 427 1833 petum
466 1760 729 1818 facerent
768 1778 963 1836 neque
1005 1763 1187 1822 nostri
1228 1763 1475 1840 longiuS,
1511 1783 1690 1840 quam
1729 1783 1908 1841 quern
1947 1765 2024 1824 ad
2047 1767 2236 1838 finem

225 1861 490 1926 porrecta
522 1853 659 1912 loca
690 1864 889 1932 aperta
926 1855 1312 1960 pertinebant,
1344 1854 1662 1914 cedentes
1645 1856 1893 1932 insequi
1936 1856 2237 1934 auderent,

113 1952 125 1956 “
224 1944 449 2006 interim
492 1945 759 2022 legiones
799 1964 920 2019 sex,
950 1963 1102 2022 quae
1139 1964 1361 2022 primae
1404 1953 1701 2020 venerant,
1745 1965 1925 2022 opere
1969 1947 2239 2008 dimenso

226 2047 409 2098 castra
460 2037 693 2100 munire
750 2048 1087 2115 coeperunt.
1171 2037 1293 2098 Ubi
1346 2038 1534 2114 prima
1587 2038 2012 2116 impedimenta
2058 2040 2240 2099 nostri

226 2128 509 2191 exercitus
538 2130 618 2189 ab
647 2131 749 2202 eiS,
779 2132 879 2206 qui
918 2131 978 2189 in
1022 2130 1175 2189 silvis
1217 2128 1400 2189 abditi
1442 2130 1714 2203 latebant,
1744 2132 1866 2189 visa
1893 2141 2044 2203 sunt,
2073 2130 2238 2209 quod
2268 2152 2330 2190 20

224 2229 452 2298 tempus
501 2222 655 2280 inter
697 2238 800 2280 eos
848 2219 1255 2281 committendi
1304 2221 1510 2296 proelii
1558 2209 1928 2295 convenerat,
1976 2233 2041 2281 ut
2089 2222 2238 2281 intra

224 2304 407 2371 silvas
434 2312 631 2371 aciem
675 2311 1026 2389 ordinesque
1074 2312 1492 2370 constituerant
1539 2321 1715 2387 atque
1766 2313 1875 2388 ipsi
1901 2320 2052 2371 ‘sese
2094 2331 2235 2372 con-

226 2402 609 2478 firmaverant,
632 2404 825 2463 subito
852 2404 1125 2463 omnibus
1147 2404 1332 2480 copiis
1360 2404 1808 2479 provolaverunt
1834 2405 2237 2481 impetumque

226 2495 286 2553 iu
324 2508 554 2557 nostros
597 2497 823 2571 equites
864 2497 1143 2557 fecerunt.
1231 2497 1348 2557 His
1376 2496 1544 2555 facile
1583 2497 1761 2572 pulsis
1789 2516 1860 2556 ac
1888 2499 2238 2574 proturbatis

227 2585 547 2649 incredibili
590 2588 883 2647 celeritate
920 2587 998 2647 ad
1040 2587 1257 2650 flumen
1300 2586 1773 2662 decucurrerunt,
1805 2598 1868 2647 ut
1898 2606 2087 2663 paene
2117 2607 2237 2648 uno
2264 2613 2327 2665 25

226 2687 486 2755 tempore
516 2689 581 2739 et
608 2678 685 2737 ad
714 2678 879 2737 silvas
908 2689 967 2738 et
996 2679 1057 2737 in
1084 2678 1323 2737 flumine
1363 2688 1423 2736 et
1461 2678 1576 2735 iam
1611 2678 1677 2735 'in
1720 2679 1986 2739 manibus
2028 2681 2238 2740 nostris

228 2768 419 2830 hostes
464 2770 818 2830 viderentur.
904 2768 1133 2829 Eadem
1189 2779 1384 2828 autem
1443 2769 1736 2828 celeritate
1793 2769 2039 2831 adverso
2087 2770 2237 2831 colle

230 2859 306 2917 ad
349 2872 547 2921 nostra
600 2872 788 2921 castra
840 2872 1017 2938 atque
1065 2878 1185 2935 eos,
1238 2862 1338 2936 qui
1388 2861 1450 2919 in
1500 2878 1677 2936 opere
1727 2852 1999 2938 occupati
2056 2873 2238 2937 erant,

232 2944 675 3012 contenderunt.

290 3114 407 3169 His
428 3118 633 3184 troops,
661 3114 829 3169 taken
864 3128 1185 3178 anaware5‚
1222 3130 1323 3167 are
1350 3130 1425 3166 on
1463 3128 1566 3167 one
1586 3112 1706 3166 side
1737 3114 2056 3181 victorious,
2095 3130 2166 3167 on

967 3193 1060 3249 the
1082 3193 1241 3248 other
1261 3193 1476 3247 route-d.

310 3300 437 3361 XX.
480 3302 716 3363 Caesari
746 3302 947 3361 omnia
980 3319 1099 3360 uno
1142 3310 1408 3377 ternpore
1452 3311 1614 3358 erant
1655 3300 1919 3377 agenda:
1963 3302 2235 3381 vexillum
2262 3323 2326 3374 30

236 3379 701 3466 proponendum,
747 3392 910 3469 quod
964 3403 1087 3451 erat
1139 3393 1382 3468 insigne,
1433 3410 1570 3450 cum
1626 3391 1730 3450 ad·
1747 3399 1916 3451 'arma
1970 3394 2237 3451 concurri

132 3484 139 3496 '
238 3492 543 3557 oporteret,
570 3485 802 3560 signum
843 3483 982 3543 tuba
1024 3482 1303 3555 dandum,
1334 3483 1410 3541 ab
1439 3500 1617 3557 opere
1650 3483 1963 3542 revocandi
2006 3484 2234 3557 militeS‚

238 3573 336 3645 qui
362 3575 535 3648 paulo
567 3576 794 3651 longius
834 3575 1055 3651 aggeris
1096 3573 1339 3650 petendi
1381 3592 1558 3631 causa
1596 3585 2017 3649 processerant,
2047 3592 2233 3634 arces-

239 3662 420 3737 sendi,
448 3667 602 3726 acies
639 3665 993 3738 instruenda,
1032 3665 1241 3725 milites
1283 3663 1646 3737 cohortandi,
1684 3666 1910 3741 signum
1952 3666 2234 3726 dandum

242 3742 499 3825 Quarum
543 3775 737 3817 rerum
784 3774 1057 3833 magnam
1104 3765 1329 3831 partem
1378 3756 1656 3830 temporis
1705 3756 1952 3815 brevitas
2001 3768 2060 3815 et
2105 3776 2234 3815 suc·
2265 3782 2322 3833 35
