2796 4207
64 565 107 599 f

142 422 380 559 s

381 348 494 423 s

501 123 582 189 88
1149 140 1258 197 DE
1311 142 1565 197 BELLO
1619 144 1967 199 GALLICO

500 329 523 344 s
585 304 893 364 vulneratis
922 314 1020 362 aut
1049 304 1277 375 occisiS,
1308 304 1367 361 in
1396 304 1485 361 his
1512 305 1803 381 primipilo
1835 306 1892 363 P.
1922 306 2116 365 Sextio
2147 306 2387 378 Bacu10,
2410 307 2599 368 fortis-

585 396 734 455 simo
762 396 903 467 viru,
937 396 1128 453 multis
1169 396 1553 471 gravibusque
1594 396 1925 455 vulneribus
1966 397 2258 470 confectO,
2288 406 2355 461 ut
2390 398 2507 457 iam
2538 419 2602 457 se

585 487 865 545 sustinere
909 497 1287 562 non-posset,
1325 486 1578 561 reliquos
1616 504 1743 545 esse
1778 486 2057 547 tardiores
2088 498 2149 547 et-
2172 488 2487 561 nonnullos
2526 491 2603 549 ab

584 578 909 637 novissimis
965 577 1198 637 deserto
1256 578 1479 653 proelio
1536 577 1821 636 excedere
1878 596 1948 636 ac
2006 580 2121 637 tela
2166 580 2366 652 vitare,
2417 581 2603 639 hostis

531 690 557 741 5
585 686 778 745 neque
827 688 864 727 a
907 670 1094 727 fronte
1140 687 1215 727 ex
1263 670 1529 728 inferiore
1581 669 1717 728 loco
1759 670 2073 728 subeuntes
2123 672 2503 729 intermittere
2545 675 2603 731 et

583 761 660 819 ab
696 770 942 836 utroque
986 761 1170 819 latere
1205 761 1417 819 instare
1440 770 1517 845 et
1532 778 1657 825 rem
1686 778 1814 820 esse
1848 761 1907 818 in
1934 772 2181 837 angusto
2210 761 2372 834 vidit,
2404 780 2602 837 neque

587 852 762 910 ullum
793 869 918 909 esse
949 850 1290 923 subsidium,
1321 851 1486 926 quod
1516 852 1796 910 summitti
1824 861 2057 927 posset:
2104 863 2271 910 scuto
2300 854 2375 911 ab
2404 855 2601 911 novis·

585 942 742 1001 simis
786 943 886 1000 uni
928 943 1088 1000 militi
1132 940 1416 1013 detracto,
1446 941 1608 1017 quod
1644 944 1767 1019 ipse
1786 961 1871 1001 .eo
1901 944 2025 1001 sine
2056 954 2223 1001 scuto
2252 954 2509 1015 venerat,
2542 946 2601 1001 in

586 1033 830 1107 primam
859 1034 1046 1091 aciem
1088 1035 1370 1109 processit
1412 1034 1964 1109 centurionibusque
2008 1033 2355 1093 nominatim
2396 1036 2598 1109 appel-

503 1136 559 1171 10
586 1124 711 1182 latis
758 1124 1011 1198 reliquos
1061 1124 1394 1182 cohortatus
1448 1124 1653 1183 milites
1702 1126 1865 1200 signa
1914 1125 2121 1183 inferre
2166 1136 2223 1183 et
2270 1126 2600 1201 manipulos

585 1215 773 1273 laxare
803 1214 981 1285 iussit,
1012 1233 1130 1289 quo
1161 1214 1380 1273 facilius
1422 1214 1627 1291 gladiis
1656 1215 1737 1273 uti
1778 1225 2035 1291 possent.
2120 1216 2301 1275 Cuius
2340 1216 2597 1275 adventu

585 1323 690 1381 spe
733 1305 888 1364 illata
929 1306 1200 1364 militibus
1239 1324 1307 1363 ac
1345 1305 1737 1381 redintegrato
1775 1307 1989 1378 anim0,
2020 1326 2153 1365 cum
2196 1325 2305 1383 pro
2348 1325 2410 1366 se
2441 1308 2596 1383 quis-

586 1414 702 1472 que
743 1397 805 1454 in
847 1407 1172 1472 conspectu
1222 1397 1581 1473 imperatoris
1602 1396 1809 1456 ‘etiam
1850 1392 2223 1471 in‘extr‘emis
2264 1398 2380 1456 suis
2424 1398 2597 1457 reb'us

585 1504 828 1563 operam
861 1480 1084 1545 ‘navare
1127 1497 1394 1563 cuperet,
1452 1486 1689 1563 paulum
1736 1487 1988 1546 hostium
2040 1488 2291 1563 impetus
2339 1487 2605 1559 tardatus

504 1596 560 1648 15
587 1592 692 1640 est.
1333 1570 1343 1583 ”
2497 1582 2617 1617 *³²

667 1672 884 1730 XXVI.
933 1672 1148 1731 Caesar
1188 1690 1322 1729 cum
1367 1672 1676 1747 septimam
1719 1671 2028 1751 legionem,
2058 1689 2209 1746 quae
2253 1672 2411 1729 iuxta
2453 1689 2591 1731 con-

588 1763 822 1836 stiterat,
881 1763 1036 1856 iterii,
1075 1762 1261 1837 urgeri
1328 1762 1405 1821 ab
1473 1762 1640 1821 hoste
1695 1761 1949 1834 vidisset,
2021 1762 2280 1821 tribunos
2298 1762 2591 1825 .'militum

589 1855 836 1925 monuit,
870 1863 933 1911 ut
975 1853 1250 1932 paulatim
1293 1870 1420 1911 sese
1460 1853 1720 1929 legiones
1758 1854 2181 1928 coniungerent
2222 1863 2281 1911 et
2310 1871 2595 1913 conversa

589 1946 753 2021 signa
778 1945 839 2003 in
868 1940 1064 2009 hos‘tes
1094 1934 1383 2002 inferren't.
1457 1943 1595 2017 Quo
1615 1944 1780 2013 ,facto
1810 1962 1945 2017 cum
1974 1943 2117 2001 alius
2144 1944 2239 2001 alii
2267 1942 2591 2005 subsidium

503 2062 564 2098 20
589 2037 776 2110 ferret,
805 2054 998 2113 neque
1042 2036 1330 2108 timerent,
1359 2053 1437 2093 ne
1470 2035 1654 2094 aversi
1696 2035 1771 2093 ab
1812 2035 1982 2093 hoste
2023 2034 2592 2108 circumvenirentur,

589 2127 866 2186 audacius
910 2127 1175 2186 resistere
1224 2144 1292 2184 ac
1342 2126 1544 2185 fortius
1596 2143 1857 2202 pugnare
1907 2136 2248 2201 coeperunt.
2351 2127 2591 2184 Interim

590 2220 796 2277 milites
825 2219 1118 2294 legionum
1150 2216 1415 2289 duarum,
1440 2235 1591 2292 quae
1616 2218 1675 2275 in
1696 2217 2014 2276 novissimo
2041 2217 2272 2292 agmine
2300 2216 2593 2292 praesidio

591 2310 1021 2387 impedimentis
1077 2311 1318 2380 fuerant,
1375 2310 1598 2386 proelio
1628 2366 1633 2371 ,
1667 2310 1933 2368 nuntiato
2004 2327 2174 2367 cursu
2236 2309 2480 2368 incitato
2536 2311 2593 2367 in

589 2420 819 2461 summo
848 2401 996 2460 colle
1037 2401 1113 2460 ab
1153 2401 1416 2460 hostibus
1444 2401 1972 2476 conspiciebantur,
2003 2411 2062 2458 et
2087 2400 2255 2458 Titus
2300 2400 2592 2460 Labienus

504 2527 562 2578 25
589 2494 788 2553 castris
830 2492 1084 2552 hostium
1114 2493 1331 2568 potitus
1359 2502 1419 2551 et
1460 2510 1534 2550 ex
1559 2491 1695 2551 loco
1724 2491 2037 2568 superiore,
2070 2509 2220 2566 quae
2248 2509 2341 2550 res
2368 2493 2429 2550 in
2459 2511 2591 2550 nos·-

589 2586 687 2645 tn's
715 2585 914 2644 castris
940 2593 1290 2660 gererentur,
1311 2583 1683 2659 conspicatus
1705 2582 1997 2642 decimam
2018 2581 2308 2657 legionem
2332 2582 2592 2641 subsidio

587 2678 798 2736 nostris
825 2676 994 2734 misit.
1080 2674 1198 2748 Qui
1241 2693 1375 2732 cum
1407 2692 1480 2732 ex
1518 2675 1779 2749 equitum
1809 2683 1867 2732 et
1901 2673 2171 2732 calonum
2200 2673 2353 2748 fuga,
2383 2691 2507 2748 quo
2536 2675 2595 2732 in

587 2768 724 2829 loco
763 2785 856 2826 res
898 2776 1066 2834 esset,
1101 2775 1438 2840 quantoque
1469 2766 1527 2823 in
1557 2765 1817 2841 periculo
1846 2772 1905 2822 et
1932 2774 2121 2822 castra
2148 2775 2205 2822 et
2246 2763 2507 2839 legiones
2538 2776 2596 2822 et

588 2859 901 2934 imperator
941 2867 1274 2924 versaretur,
1317 2856 1747 2930 cognovissent,
1779 2855 1922 2914 nihil
1961 2853 2039 2913 ad
2083 2854 2439 2912 celeritatem
2486 2857 2593 2914 sibi

502 2975 562 3024 30
587 2949 788 3025 reliqui
818 2949 1095 3007 fecerunt.

667 3041 918 3100 XXVII.
961 3040 1194 3097 Horum
1225 3037 1479 3096 adventu
1508 3047 1668 3096 tanta
1685 3055 1877 3095 rerum
1898 3037 2279 3094 commutatio
2303 3046 2391 3096 est
2421 3037 2589 3106 facta,

588 3142 653 3190 ut
686 3131 884 3204 nostri,
915 3131 1088 3188 etiam
1127 3130 1226 3205 qui
1262 3129 1594 3188 vulneribus
1634 3127 1887 3187 confecti
1917 3127 2382 3202 procubuissent,
2410 3129 2589 3186 scutis

590 3223 767 3281 innixi
821 3222 1106 3298 proelium
1162 3220 1639 3296 redintegrarent.
1749 3219 1903 3277 Tum
1961 3217 2197 3275 calones
2254 3219 2588 3292 perterritos

589 3315 785 3373 hostes
827 3313 1146 3388 conspicati
1189 3312 1362 3370 etiam
1404 3312 1652 3371 inermes
1682 3311 1911 3369 armatis
1940 3319 2334 3382 occurrerunt,
2366 3309 2589 3384 equites

502 3420 561 3471 35
588 3423 748 3476 vero,
775 3413 839 3462 ut
867 3403 1284 3480 turpitudinem
1315 3402 1483 3478 fugae
1505 3403 1711 3460 virtute
1742 3400 2021 3472 delerent,
2053 3400 2327 3459 omnibus
2356 3400 2419 3459 in
2445 3399 2587 3458 locis

588 3505 932 3571 pugnarunt,
957 3512 1076 3568 quo
1106 3511 1168 3551 se
1195 3492 1522 3568 legionariis
1545 3492 1816 3551 militibus
1845 3492 2215 3567 praeferrent.
2287 3493 2365 3549 At
2393 3490 2587 3550 hostes

589 3587 762 3644 etiam
813 3587 874 3643 in
911 3594 1168 3642 extrema
1207 3600 1312 3659 spe
1351 3582 1546 3641 salutis
1584 3591 1805 3640 tantam
1847 3583 2114 3640 virtutem
2158 3583 2584 3658 praestiterunt,

590 3687 671 3747 ut,
702 3694 837 3732 cum
866 3674 1035 3749 primi
1079 3691 1282 3731 eorum
1311 3672 1676 3744 cecidissent,
1707 3672 1955 3747 proximi
1997 3672 2321 3732 iacentibus
2362 3666 2582 3732 i‘nsist'e-
