2796 4207
797 240 942 291 LIB.
987 241 1059 294 V.
1102 240 1273 293 CAP.
1316 241 1813 295 xxv-XXVIII.
2220 224 2348 290 135

231 403 531 479 prodiret:
586 403 799 462 habere
842 421 987 475 sese,
1031 420 1180 479 quae
1223 403 1300 463 de
1342 422 1405 463 re
1448 407 1745 464 communi
1788 406 1984 466 dicere
2026 406 2255 479 vellent,

230 496 445 570 quibus
472 494 647 553 rebus
676 495 1093 553 controversias
1123 496 1304 554 minui
1330 513 1506 571 posse
1535 507 1850 572 sperarent.

310 586 561 644 XXVII.
610 585 858 643 Mittitur
884 584 958 643 ad
988 602 1092 644 eos
1121 586 1496 661 colloquendi
1531 606 1709 646 causa
1737 588 1918 648 Gaius
1947 589 2254 664 Arpineius

227 694 415 753 eques
457 678 782 747 RomanuS,
812 676 1099 734 familiaris
1142 677 1346 751 Quinti
1386 678 1611 751 Titurii,
1655 689 1715 738 et
1757 679 2011 754 Quintus
2055 680 2254 739 Iunius

226 785 305 825 ex
335 767 629 843 Hispania
670 766 929 843 quidam,
961 768 1061 842 qui
1105 768 1219 825 iarn
1264 778 1397 825 ante
1442 770 1620 827 missu
1650 770 1913 829 Caesaris
1948 770 2026 828 ad
2054 772 2250 829 Ambi-
2284 788 2310 842 5

224 859 453 934 origem
495 858 773 916 ventitare
820 867 1164 931 consuerat;
1228 857 1388 934 apud
1431 877 1580 934 quos
1626 861 1930 921 Ambiorix
1969 861 2046 920 ad
2096 862 2251 920 hunc

224 949 479 1007 modum
515 948 747 1007 locutus
777 958 897 1008 est:
944 950 1081 1009 Sese
1112 967 1219 1025 pro
1259 950 1524 1009 Caesaris
1552 952 1612 1009 in
1651 970 1714 1010 se
1743 953 2042 1011 beneficiis
2079 954 2249 1030 pluri·

224 1058 393 1098 mum
431 1040 487 1097 ei
516 1039 781 1097 confiteri
818 1039 1052 1111 debere,
1084 1039 1246 1115 quod
1275 1041 1400 1099 eius
1441 1059 1622 1116 opera
1656 1044 1948 1118 stipendio
1980 1044 2251 1103 liberatus

222 1139 421 1203 esset,
453 1129 616 1207 quod
672 1129 1009 1203 AduatuciS,
1068 1131 1325 1189 finitimis
1382 1133 1517 1203 suiS,
1574 1133 1832 1208 pendere
1891 1145 2248 1207 consuesset,

223 1220 513 1298 quodque
542 1221 597 1280 ei
630 1230 689 1279 et
717 1220 864 1279 filius
894 1231 953 1279 et
980 1222 1159 1279 fratris
1201 1221 1349 1281 filius
1389 1223 1464 1282 ab
1493 1224 1742 1283 Caesare
1780 1226 2002 1284 remissi
2037 1237 2244 1298 essent,
2282 1246 2340 1283 ιο

223 1331 379 1389 quos
421 1311 711 1371 Aduatuci
754 1310 1023 1370 obsidum
1068 1331 1313 1371 numero
1354 1314 1559 1373 missos
1597 1315 1756 1391 apud
1785 1334 1849 1375 se
1887 1318 1946 1374 in
1978 1317 2248 1376 servitute

223 1416 287 1467 et
316 1406 539 1465 catenis
567 1405 887 1464 tenuissent
907 1426 924 1477 3
967 1423 1161 1481 neque
1190 1405 1269 1477 id,
1294 1406 1458 1484 quod
1479 1409 1678 1466 fecerit
1706 1407 1782 1467 de
1811 1410 2248 1485 oppugnatione

224 1507 567 1569 castrorum,
610 1506 709 1555 aut
750 1495 967 1555 iudicio
1009 1507 1108 1555 aut
1147 1498 1452 1558 voluntate·
1483 1518 1588 1558 sua
1628 1500 1850 1573 fecisse,
1895 1500 2001 1559 sed
2039 1512 2246 1560 coactu

225 1588 493 1663 civitatis,
523 1606 741 1665 suaque
782 1606 907 1647 esse
937 1588 1226 1649 eiusmodi
1254 1590 1512 1666 imperia,
1542 1600 1606 1649 ut
1633 1610 1754 1650 non
1793 1592 1982 1651 minus
2011 1592 2249 1651 haberet

227 1680 367 1740 iuris
414 1680 474 1738 in
518 1698 579 1738 se
630 1678 959 1751 multitudO,
995 1699 1173 1756 quam
1216 1682 1339 1757 ipse
1378 1683 1437 1739 in
1483 1682 1927 1741 multitudinem.
2017 1684 2248 1743 Civitati
2281 1705 2335 1758 15

210 1789 407 1853 ‘porro
456 1770 608 1829 hanc
656 1770 831 1829 fuisse
878 1770 1015 1830 belli
1063 1790 1314 1843 causam,
1356 1772 1520 1849 quod
1559 1774 1900 1849 repentinae
1949 1775 2246 1835 Gallorum

230 1862 619 1921 coniurationi
657 1862 919 1921 resistere
960 1880 1083 1922 non
1124 1864 1395 1939 potuerit.
1484 1863 1556 1922 Id
1599 1883 1663 1923 se
1699 1866 1866 1924 facile
1910 1883 1986 1924 ex
2022 1865 2244 1924 humili-

230 1964 351 2013 tate
381 1972 487 2012 sua
525 1953 772 2027 probare
805 1971 1001 2030 posse,
1032 1954 1195 2030 quod
1237 1973 1357 2013 non
1392 1954 1546 2013 adeo
1585 1956 1658 2014 sit
1697 1956 2000 2033 imperitus
2035 1976 2244 2029 rerum,

232 2055 297 2105 ut
338 2044 457 2103 suis
499 2044 689 2121 copiis
736 2045 1021 2122 populum
1068 2047 1404 2105 Romanum
1455 2048 1709 2123 superari
1752 2065 1924 2124 posse
1969 2048 2244 2108 confidat.

233 2136 354 2197 Sed
410 2155 540 2196 esse
597 2137 819 2197 Galliae
875 2156 1191 2197 commune
1248 2139 1590 2197 consilium:
1663 2141 1934 2200 omnibus
1992 2142 2245 2201 hibernis
2277 2168 2338 2203 20

234 2229 501 2289 Caesaris
544 2228 957 2306 oppugnandis
998 2228 1157 2288 hunc
1187 2248 1313 2288 esse
1356 2222 1581 2288 dictum
1617 2229 1794 2302 diem,
1824 2250 1900 2290 ne
1945 2251 2061 2308 qua
2089 2233 2240 2308 legio

234 2321 469 2379 alterae⁴
493 2319 708 2396 legioni
766 2318 1025 2378 subsidio
1072 2320 1270 2380 venire
1324 2330 1542 2396 posset.
1630 2321 1768 2379 Non
1820 2322 1988 2381 facile
2047 2324 2246 2382 Gallos

235 2413 419 2472 Gallis
491 2428 704 2487 negare
770 2411 1047 2486 potuisse,
1105 2413 1440 2486 praesertim
1514 2429 1649 2469 cum
1705 2411 1782 2471 de
1848 2413 2248 2491 recuperanda

235 2503 539 2562 communi
613 2503 875 2562 libertate
935 2503 1243 2561 consilium
1309 2503 1513 2561 initum
1584 2503 1890 2563 videretur.
2017 2506 2246 2581 Quibus

234 2595 517 2671 quoniam
557 2611 665 2670 pro
708 2594 923 2670 pietate
974 2594 1329 2666 satisfecerit,
1387 2592 1601 2652 habere
1643 2613 1800 2653 nunc
1857 2614 1919 2654 se
1962 2597 2245 2656 rationem
2278 2614 2335 2666 25

233 2685 413 2744 officii
455 2702 563 2760 pro
605 2685 905 2744 beneficiis
948 2684 1247 2744 Caesaris:
1302 2701 1561 2755 monere,
1607 2702 1768 2743 orare
1810 2686 2096 2744 Titurium
2141 2705 2245 2763 pro

233 2776 511 2851 hospitio,
540 2785 606 2834 ut
650 2793 787 2834 suae
822 2793 892 2834 ac
934 2775 1179 2834 militum
1224 2775 1390 2833 saluti
1434 2776 1714 2834 consulat.
1803 2778 2081 2852 Magnam
2126 2798 2244 2836 ma-

233 2885 379 2925 num
422 2867 852 2926 Germanorum
887 2865 1245 2924 conductam
1289 2865 1568 2924 Rhenum
1610 2867 1918 2940 transisse3
1971 2868 2122 2926 hanc
2165 2871 2244 2928 af-

234 2958 355 3017 fore
398 2956 601 3016 biduo,
689 2959 959 3032 Ipsorum
1012 2975 1139 3015 esse
1184 2955 1511 3027 consilium,
1555 2956 1810 3015 velintne
1849 2959 2025 3034 prius,
2070 2979 2248 3035 quam

233 3049 463 3106 finitimi
505 3048 773 3120 sentiant,
806 3048 1051 3107 eductos
1101 3066 1175 3105 ex
1217 3048 1472 3107 hibernis
1515 3049 1724 3106 milites
1764 3059 1861 3107 aut
1891 3049 1966 3107 ad
2011 3051 2245 3110 Cicero-
2276 3081 2339 3132 30

158 3177 169 3184 -
232 3156 373 3197 nem
402 3147 503 3196 aut
532 3137 609 3195 ad
639 3138 962 3197 Labienum
992 3137 1307 3210 deducere,
1338 3156 1589 3213 quorum
1619 3138 1761 3196 alter
1788 3141 1945 3197 milia
1973 3160 2247 3216 passuum

234 3229 464 3287 circiter
500 3229 936 3304 quinquaginta,
966 3229 1110 3287 alter
1145 3229 1322 3304 paulo
1357 3230 1605 3305 amplius
1633 3231 1708 3306 ab
1747 3230 1815 3288 iis
1844 3231 2010 3289 absit.
2098 3233 2248 3291 Illud

234 3337 296 3378 se
338 3319 601 3396 polliceri
644 3329 703 3377 et
746 3319 1115 3378 iureiurando
1166 3320 1530 3393 confirmare,
1576 3331 1764 3380 tutum
1809 3322 1916 3380 iter
1957 3341 2063 3398 per
2104 3323 2248 3382 fines

234 3408 526 3468 daturum.
612 3409 793 3484 Quod
835 3428 972 3469 cum
1002 3410 1190 3482 faciat,
1222 3421 1280 3468 et
1318 3411 1532 3469 civitati
1570 3430 1696 3470 sese
1727 3413 2054 3487 consulere,
2087 3415 2248 3489 quod

234 3502 491 3562 hibernis
532 3503 769 3574 levetur,
801 3511 859 3560 et
902 3503 1136 3562 Caesari
1177 3521 1283 3578 pro
1314 3504 1438 3562 eius
1483 3505 1697 3562 meritis
1739 3506 1982 3580 gratiam
2019 3508 2248 3566 referre.
2280 3525 2340 3578 35

238 3594 373 3653 Hac
401 3594 669 3653 oratione
700 3592 895 3651 habita
929 3591 1178 3652 discedit
1207 3594 1524 3654 Ambiorix.

312 3685 605 3743 XXVIII.
652 3683 957 3760 Arpineius
1002 3693 1061 3742 et
1102 3684 1323 3756 IuniuS,
1362 3703 1512 3759 quae
1554 3683 1880 3758 audierunt,
1912 3687 1987 3746 ad
2032 3689 2252 3766 legatos

236 3773 523 3835 deferunt.
612 3774 701 3833 Illi
737 3773 1041 3848 repentina
1067 3792 1128 3832 re
1163 3775 1500 3850 perturbati,
1530 3776 1638 3833 etsi
1667 3776 1742 3834 ab
1783 3777 1950 3837 hoste
1980 3797 2052 3836 ea
2090 3779 2248 3838 dice-
