2796 4207
848 243 998 295 ΜΒ.
1046 243 1160 295 111.
1208 242 1374 295 cAP.
1416 242 1764 295 XVI-xlx.
1982 214 1987 219 ’
2226 221 2353 285 101

253 413 558 474 auderent.
645 413 718 473 Id
748 432 818 473 ea
844 412 922 471 de
950 431 1126 472 causa
1152 413 1421 486 faciebat,
1452 412 1616 488 quod
1658 432 1793 471 cum
1823 420 1983 471 tanta
2008 411 2265 471 multitu-

255 508 394 565 dine
439 505 712 577 hostium,
756 506 1096 581 praesertim
1138 523 1212 564 eo
1255 506 1515 579 absente,
1561 505 1661 580 qui
1711 522 2000 563 summam
2040 503 2268 579 imperii

254 606 500 670 teneret,
532 596 642 655 nisi
683 614 876 672 aequo
917 596 1052 656 loco
1082 606 1182 655 aut
1221 596 1657 673 opportunitate
1688 595 1883 671 aliqua
1910 593 2048 653 data
2075 595 2267 671 legato

253 689 661 750 dimicandum
687 706 810 747 non
839 688 1222 748 existimabat.

337 782 568 841 XVIII.
615 782 750 837 Hac
794 780 1137 838 confirmata
1177 779 1457 855 opinione
1499 779 1720 837 timoris
1761 736 2041 837 idoneum
2083 794 2265 852 quen·
2298 797 2323 848 5

254 874 396 932 dam
453 872 754 931 hominem
812 879 873 929 et
927 868 1202 928 callidum
1249 870 1485 946 delegit,
1537 870 1787 942 Gallum,
1838 888 1914 927 ex
1966 870 2069 941 εἰς,
2118 887 2267 943 quos

253 964 451 1023 auxilii
495 981 671 1021 causa
711 981 914 1022 secum
958 962 1230 1022 habebat.
1316 962 1480 1020 Huic
1523 962 1745 1037 magnis
1788 962 2057 1037 praemiis
2105 960 2265 1035 polli—

252 1055 742 1129 citationibusque
789 1052 1118 1130 persuadet,
1173 1054 1259 1111 uti
1303 1051 1379 1111 ad
1426 1052 1622 1111 hostes
1678 1061 1946 1126 transeat,
1996 1061 2073 1123 et,
2124 1050 2269 1125 quid

252 1146 380 1205 fieri
422 1145 576 1217 velit,
608 1145 839 1203 edocet.
927 1144 1046 1219 Qui
1089 1143 1191 1202 ubi
1231 1161 1339 1218 pro
1382 1144 1624 1219 perfuga
1652 1142 1728 1201 ad
1758 1161 1861 1202 eos
1887 1143 2065 1214 venit,
2096 1142 2266 1199 timo-

251 1256 382 1295 rem
429 1238 834 1294 Romanorum
891 1237 1187 1312 proponit,
1233 1235 1447 1310 quibus
1490 1235 1768 1310 angustiis
1808 1235 1933 1310 ipse
1977 1234 2194 1293 Caesar
2234 1252 2270 1291 a
2300 1260 2358 1295 10

250 1328 502 1386 Venetis
529 1337 842 1401 prematur,
872 1326 1069 1398 docet,
1101 1344 1293 1401 neque
1324 1325 1553 1399 longius
1582 1325 1805 1398 abesse,
1830 1325 1969 1400 quin
2004 1324 2269 1399 proxima

253 1427 434 1477 nocte
466 1418 711 1476 Sabinus
742 1418 894 1475 clam
923 1436 996 1475 ex
1025 1418 1226 1476 castris
1256 1416 1576 1477 exercitum
1608 1415 1821 1474 educat
1849 1426 1909 1475 et
1948 1414 2024 1473 ad
2054 1415 2265 1474 Caesa-

253 1528 383 1569 rem
426 1508 619 1566 auxilii
661 1508 886 1566 ferendi
929 1527 1106 1567 causa
1137 1508 1553 1584 proficiscatur.
1640 1506 1822 1581 Quod
1864 1506 1963 1565 ubi
2004 1505 2269 1565 auditum
2364 1562 2375 1571 ,

256 1611 365 1673 est,
418 1600 792 1657 conclamant
843 1617 1068 1671 omneS,
1118 1599 1495 1658 occasionem
1546 1597 1763 1673 negotii
1820 1598 1972 1657 bene
2027 1596 2269 1673 gerendi

254 1689 643 1749 amittendam
672 1707 794 1748 non
821 1708 966 1764 esse,
990 1689 1068 1748 ad
1096 1700 1282 1748 castra
1317 1688 1383 1747 iri
1426 1698 1713 1765 oportere.
1822 1688 2044 1746 Multae
2072 1706 2163 1746 res
2192 1687 2269 1746 ad
2300 1705 2356 1759 15

255 1783 376 1841 hoc
405 1782 714 1840 consilium
744 1782 942 1841 Gallos
972 1776 1346 1840 hortabantur
1367 1803 1384 1854 3
1427 1782 1789 1857 superiorum
1819 1780 2046 1839 dierum
2074 1780 2269 1839 Sabini

254 1873 578 1944 cunctatiO,
621 1873 898 1949 perfugae
949 1873 1333 1947 confirmatiO,
1379 1873 1579 1949 inopia
1626 1873 1995 1944 cibariorum,
2046 1872 2142 1931 cui
2185 1873 2269 1930 rei

255 1982 470 2040 parum
508 1958 814 2039 diligenter
842 1965 918 2024 ab
954 1964 1036 2023 eis
1075 1974 1196 2022 erat
1223 1965 1536 2039 provisum,
1568 1981 1702 2040 spes
1730 1964 2002 2023 Venetici
2029 1963 2181 2037 belli,
2212 1974 2271 2022 et

255 2053 425 2132 qu‘od
469 2054 588 2113 fere
627 2055 874 2131 libenter
911 2054 1180 2114 homines
1218 2054 1299 2130 id,
1339 2056 1503 2130 quod
1540 2057 1759 2131 volunt,
1805 2057 2068 2118 credunt.
2156 2056 2269 2116 His

255 2147 436 2206 rebus
479 2145 722 2204 adducti
769 2165 889 2204 non
938 2147 1094 2222 prius
1127 2146 1523 2206 Viridovicem
1569 2149 1940 2225 reliquosque
1978 2150 2161 2209 duces
2193 2167 2269 2208 ex
2298 2166 2358 2207 20

257 2237 515 2296 concilio
559 2236 874 2310 dimittunt,
931 2255 1108 2312 quam
1163 2238 1239 2296 ab
1293 2239 1380 2298 his
1436 2239 1510 2299 sit
1556 2258 1923 2313 concessum,
1979 2260 2141 2300 arma
2186 2241 2269 2298 uti

260 2329 498 2403 capiant
539 2338 600 2386 et
639 2327 717 2386 ad
759 2338 946 2386 castra
986 2327 1362 2387 contendant.
1450 2330 1585 2404 Qua
1611 2350 1672 2390 re
1701 2350 1986 2392 concessa
2023 2332 2177 2404 laeti,
2206 2341 2270 2390 ut

259 2418 562 2493 explorata
614 2418 870 2492 victoria,
928 2420 1230 2478 sarmentis
1284 2421 1658 2499 virgultisque
1724 2424 2000 2496 collectiS,
2058 2423 2269 2500 quibus

260 2511 447 2569 fossas
476 2511 884 2569 Romanorum
912 2511 1263 2586 compleant,
1293 2511 1370 2570 ad
1398 2523 1585 2572 castra
1610 2525 1875 2590 pergunt.

346 2603 508 2660 XIX.
569 2602 764 2659 Locus
813 2611 936 2659 erat
991 2611 1311 2661 castrorum
1352 2603 1545 2664 editus
1596 2616 1654 2664 et
1702 2607 1979 2682 paulatim
2028 2606 2103 2679 ab
2150 2605 2269 2664 imo
2299 2621 2359 2674 25

260 2692 495 2752 acclivis
536 2693 765 2750 circiter
804 2710 1007 2766 passus
1050 2693 1222 2752 mille.
1311 2696 1451 2754 Huc
1483 2716 1696 2772 magno
1736 2717 1904 2756 cursu
1947 2695 2267 2756 contende-

259 2793 415 2856 runt,
437 2793 503 2842 ut
531 2801 706 2858 quam
738 2783 1042 2841 minimum
1066 2785 1234 2859 spatii
1263 2785 1339 2844 ad
1368 2788 1813 2864 secolligendos
1842 2788 2269 2862 armandosque

263 2876 552 2934 Romanis
595 2875 844 2948 daretur,
875 2877 1305 2954 exanimatique
1349 2891 1757 2955 pervenerunt.
1847 2882 2092 2941 Sabinus
2134 2899 2271 2940 suos

263 2967 528 3025 hortatus
555 2967 923 3042 cupientibus
945 2967 1175 3043 signum
1205 2969 1323 3029 dat.
1410 2972 1717 3046 Impeditis
1746 2972 2006 3031 hostibus
2035 2982 2273 3048 propter

264 3076 351 3130 ea,
397 3075 549 3134 quae
597 3058 878 3129 serebant,
923 3067 1119 3132 onera,
1164 3062 1356 3120 subito
1404 3060 1629 3122 duabus
1676 3065 1857 3140 portis
1903 3063 2271 3140 eruptionem
2300 3070 2362 3122 30

264 3149 391 3207 fieri
419 3149 598 3207 iubet.
672 3149 918 3207 Factum
942 3160 1029 3209 est
1059 3153 1494 3227 opportunitate
1524 3155 1660 3226 loci,
1684 3155 1937 3214 hostium
1968 3154 2273 3214 inscientia

264 3258 334 3298 ac
363 3237 800 3314 defetigatione,
829 3241 1038 3300 virtute
1067 3242 1313 3301 militum
1342 3253 1402 3301 et
1430 3246 1789 3321 superiorum
1817 3264 2142 3322 pugnarum
2172 3263 2269 3304 ex-

265 3330 628 3404 ercitatione,
657 3341 721 3389 ut
762 3349 838 3390 ne
879 3350 1063 3391 unum
1103 3333 1344 3409 quidem
1385 3346 1719 3395 nostrorum
1745 3337 2030 3413 impetum
2060 3337 2272 3395 ferrent

266 3441 336 3481 ac
377 3422 574 3481 statim
615 3431 779 3498 terga
818 3433 1127 3483 verterent.
1213 3426 1379 3499 Quos
1423 3427 1737 3503 impeditos
1781 3429 2017 3504 integris
2059 3429 2271 3486 viribus

266 3514 475 3572 milites
504 3514 687 3573 nostn'
715 3515 1019 3573 consecuti
1039 3534 1316 3591 magnum
1339 3536 1646 3577 numerum
1664 3538 1866 3579 eorum
1888 3518 2271 3592 occiderunt,
2298 3529 2359 3582 35

265 3604 518 3680 reliquos
547 3605 774 3681 equites
805 3607 1127 3664 consectati
1153 3624 1392 3682 pauCOS,
1426 3610 1523 3684 qui
1566 3629 1639 3668 ex
1668 3611 1807 3687 fuga
1835 3620 2151 3683 evaserant,
2180 3605 2267 3668 re-

265 3694 574 3772 liquerunt.
660 3696 756 3756 Sic
795 3714 916 3754 uno
958 3705 1224 3772 tempore
1265 3708 1326 3757 et
1366 3697 1444 3757 de
1486 3701 1673 3759 navali
1714 3720 1911 3779 pugna
1939 3701 2183 3762 Sabinus
2212 3710 2272 3759 et

269 3783 342 3844 de
398 3786 598 3846 Sabini
653 3785 894 3844 victoria
948 3786 1165 3845 Caesar
1219 3789 1431 3846 certior
1485 3790 1669 3850 factus
1726 3802 1830 3864 est,
1890 3793 2268 3866 civitatesque
