2796 4207
513 830 1304 899 COMMENTARIUS
1368 835 1828 919 QUINTUS.

217 1186 434 1239 Caesar
457 1187 655 1241 orders
675 1188 832 1258 ships
855 1189 1031 1254 built,·
1070 1194 1254 1261 quiets
1281 1196 1669 1255 disturbances
1693 1205 1755 1257 in
1782 1206 2079 1275 Illyricum
2088 1228 2122 1272 ,·
2182 1174 2185 1177 -

363 1269 563 1321 settles
585 1285 622 1321 a
648 1270 871 1339 disputa
895 1272 1132 1327 between
1159 1283 1274 1330 two
1299 1278 1474 1351 chia-’fir
1498 1285 1571 1353 os
1592 1284 1683 1338 the
1717 1288 1962 1343 Treveri.

150 1578 294 1651 gatis
325 1578 602 1652 imperat,
631 1596 778 1653 quos
809 1581 1134 1657 legionibus
1163 1591 1539 1663 praefecerat,
1568 1595 1670 1665 uti,
1700 1612 1877 1668 quam
1906 1595 2179 1670 plurimas

151 1680 414 1743 possent,
449 1670 646 1729 hieme
687 1692 861 1733 naves
899 1676 1294 1739 aedificandas
1324 1693 1666 1759 veteresque
1705 1686 2047 1745 reficiendas
2078 1706 2176 1745 cu-

151 1772 361 1821 rarent.
458 1764 677 1820 Earum
716 1766 960 1825 modum
1003 1770 1366 1848 formamque
1402 1774 1778 1833 demonstrat.
1861 1776 1955 1834 Ad
1986 1778 2180 1835 celeri-
2210 1794 2237 1845 5

154 1864 332 1913 tatem
364 1856 656 1913 onerandi
692 1857 1226 1937 subductionesque
1255 1864 1431 1939 paulo
1460 1866 1597 1924 facit
1624 1866 1975 1937 humilioreS‚
1999 1886 2175 1943 quam
2228 1911 2233 1915 -

153 1949 362 2023 quibus
410 1949 476 2005 in
520 1961 718 2007 nostro
765 1952 910 2008 mari
953 1954 1031 2009 uti
1077 1956 1505 2027 consuevimuS,
1541 1968 1715 2033 atque
1758 1960 1818 2017 id
1862 1978 1935 2016 eo
1977 1961 2175 2034 magiS‚

153 2042 313 2117 quod
345 2052 593 2120 propter
634 2042 866 2101 crebras
894 2047 1383 2103 commutationes
1423 2058 1685 2106 aestuum
1714 2050 1905 2108 minus
1936 2068 2177 2126 magnos

153 2134 228 2193 ibi
258 2135 478 2194 fluctus
499 2135 620 2192 fieri
656 2145 1012 2210 cognoverat
1036 2157 1050 2207 ;
1094 2137 1169 2194 ad
1201 2155 1382 2196 onera
1402 2157 1471 2216 ac
1500 2140 1927 2198 multitudinem
1949 2143 2173 2199 iumen-

153 2236 342 2284 torum
374 2225 888 2300 transportandam
928 2227 1105 2301 paulo
1134 2228 1380 2300 latiores,
1412 2248 1587 2304 quam
1618 2232 1827 2305 quibus
1855 2232 1914 2289 in
1944 2232 2175 2306 reliquis
2209 2254 2265 2290 10

151 2320 366 2378 utimur
410 2320 683 2378 maribus,
771 2321 900 2378 Has
945 2337 1152 2377 omnes
1201 2321 1481 2398 actuarias
1527 2322 1773 2397 imperat
1812 2323 1955 2394 fieri,
1998 2341 2173 2397 quam

152 2411 226 2467 ad
267 2430 396 2469 rem
443 2411 732 2468 humilitas
779 2410 1023 2468 multum
1075 2409 1325 2468 adiuvat.
1412 2412 1517 2482 Ea,
1562 2430 1712 2486 quae
1754 2423 1887 2470 sunt
1928 2414 2056 2471 usui
2096 2413 2172 2472 ad

151 2507 466 2566 armandas
503 2526 699 2576 naveS‚
733 2526 805 2565 ex
839 2505 1130 2580 Hispania
1162 2505 1453 2577 apportari
1493 2504 1669 2562 iubet.
1755 2507 1893 2581 Ipse
1923 2524 2173 2563 conven-

151 2598 306 2656 tibus
329 2598 556 2658 Galliae
587 2599 864 2657 citerioris
895 2597 1146 2674 peractis
1176 2595 1234 2651 in
1267 2594 1558 2669 Illyricum
1585 2596 1985 2670 proficiscitur,
2010 2597 2169 2670 quod

152 2705 186 2743 a
229 2689 470 2746 Pirustis
512 2689 816 2747 finitimam
859 2699 1080 2765 partem
1132 2685 1463 2762 provinciae
1508 2685 1930 2744 incursionibus
1966 2689 2169 2744 vastari
2205 2713 2261 2766 15

153 2779 450 2837 audiebat.
538 2781 630 2837 Eo
672 2799 807 2837 cum
837 2781 1108 2850 venisset,
1143 2775 1469 2834 civitatibus
1513 2777 1720 2834 milites
1760 2777 2006 2851 imperat
2048 2797 2169 2835 cer-

153 2878 401 2944 tumque
429 2870 497 2933 in,
526 2869 723 2927 locum
754 2871 1065 2928 convenire
1099 2871 1278 2928 iubet.
1366 2867 1502 2940 Qua
1535 2885 1594 2924 re
1625 2869 1886 2925 nuntiata
1916 2870 2170 2928 Pirustae

153 2959 378 3034 legatos
406 2959 482 3018 ad
521 2978 658 3017 eum
687 2961 938 3032 mittunt,
969 2961 1065 3035 qui
1098 2960 1370 3031 doceant,
1405 2958 1545 3016 nihil
1583 2976 1779 3015 earum
1809 2977 1999 3016 rerum
2027 2961 2172 3035 pub-

152 3049 266 3107 lico
300 3051 522 3108 factum
568 3051 830 3122 consilio,
875 3069 1119 3126 seseque
1161 3061 1394 3127 paratos
1432 3067 1558 3106 esse
1601 3047 2004 3108 demonstrant
2046 3040 2169 3107 om-

152 3140 324 3198 nibus
375 3141 692 3198 rationibus
741 3141 817 3198 de
859 3141 1074 3199 iniuriis
1129 3142 1477 3199 satisfacere.
1585 3139 1869 3214 Percepta
1909 3143 2169 3199 oratione
2202 3159 2261 3194 20

155 3248 358 3288 eorum
402 3232 620 3289 Caesar
660 3229 893 3290 obsides
933 3233 1180 3307 imperat
1221 3250 1443 3306 eosque
1485 3229 1563 3290 ad
1605 3241 1825 3288 certam
1870 3231 2028 3289 diem
2070 3232 2171 3289 ad-

158 3320 291 3379 duci
336 3321 500 3379 iubet
521 3343 537 3394 3
580 3322 689 3380 nisi
733 3322 814 3378 ita
840 3322 1100 3393 fecerint,
1131 3340 1256 3380 sese
1300 3323 1455 3381 bello
1498 3323 1791 3380 civitatem
1833 3333 2167 3397 persecutu-

157 3429 283 3469 rum
339 3411 721 3470 demonstrat.
835 3413 914 3469 Iis
963 3411 1040 3469 ad
1095 3411 1254 3470 diem
1311 3412 1599 3486 adductis»,
1651 3424 1714 3471 ut
1769 3414 2167 3488 imperaverat,

158 3502 399 3561 arbitros
441 3503 611 3576 interp
634 3501 894 3560 civitates
936 3501 1056 3573 dat,
1101 3503 1199 3576 qui
1241 3503 1401 3560 litem
1445 3504 1753 3562 aestiment
1794 3521 2167 3580 poenamque

158 3594 531 3652 constituant.
2198 3603 2255 3656 25

239 3685 319 3743 II.
366 3684 483 3742 His
526 3682 810 3741 confectis
851 3683 1020 3742 rebus
1063 3684 1563 3758 conventibusque
1606 3687 1854 3759 peractis
1882 3686 1940 3743 in
1986 3687 2163 3744 citeri-

157 3791 318 3832 orem
349 3773 600 3833 Galliam
629 3773 927 3855 revertitur
947 3785 1121 3848 atque
1151 3774 1289 3831 inde
1313 3774 1388 3832 ad
1418 3775 1733 3832 exercitum
1764 3777 2163 3850 proficiscitur.

165 3864 249 3922 Eo
279 3882 416 3922 cum
445 3865 718 3935 venisset,
747 3865 999 3922 circuitis
1034 3858 1306 3922 omnibus
1345 3864 1598 3922 hibernis
1626 3865 1893 3938 singulari
1923 3865 2166 3924 militum
