2796 4207
914 259 1061 312 Lm.
1108 257 1189 310 11.
1233 259 1404 310 CAP.
1446 257 1710 311 v11-x1.
2269 243 2350 308 81

333 421 445 476 The
474 421 678 492 Belgae
712 420 902 473 attack
938 421 1029 472 the
1059 420 1311 488 position
1354 421 1427 487 of
1465 420 1742 485 Titurius,
1779 436 1882 474 are
1917 421 2190 490 repulsed,

1046 506 1173 558 and
1198 506 1457 576 disperse.
1505 503 1511 510 ’

332 635 438 690 ΙΧ.
484 633 653 690 Palus
695 641 816 689 erat
857 649 979 688 non
1019 648 1229 705 magna
1276 631 1426 687 inter
1470 640 1732 689 nostrum
1783 641 1958 706 atque
2004 631 2258 691 hostium

252 724 590 782 exercitum.
675 723 851 780 Hanc
895 721 941 779 si
984 722 1160 778 nostri
1205 721 1530 793 transirent,
1561 721 1758 780 hostes
1801 724 2258 798 exspectabant,

252 815 434 874 nostri
462 822 671 884 autem,
702 815 748 871 si
778 813 853 872 ab
880 813 985 870 illis
1014 813 1241 870 initium
1274 813 1613 871 transeundi
1642 813 1822 886 fieret,
1851 822 1916 871 ut
1943 814 2259 890 impeditos

251 905 717 982 aggrederentur,
742 905 925 980 parati
947 905 1005 960 in
1031 904 1202 960 armis
1231 913 1411 962 erant.
1486 904 1727 962 Interim
1749 905 1972 980 proelio
2002 909 2255 980 equestri

250 997 398 1054 inter
418 995 561 1054 duas
590 995 743 1052 acies
773 994 1251 1052 contendebatur.
1326 995 1446 1053 Ubi
1467 996 1654 1052 neutri
1676 995 2009 1053 transeundi
2032 997 2257 1056 initium
2289 1014 2314 1066 5

247 1087 480 1160 faciunt,
524 1085 870 1144 secundiore
917 1085 1177 1159 equitum
1222 1085 1446 1158 proelio
1491 1086 1716 1158 nostriS,
1756 1085 1969 1144 Caesar
2016 1105 2152 1145 suos
2197 1088 2257 1146 in

245 1187 430 1236 castra
481 1176 731 1235 reduxit.
850 1177 1073 1233 Hostes
1128 1176 1390 1250 protinus
1451 1193 1528 1233 ex
1583 1194 1656 1234 eo
1713 1177 1845 1236 loco
1905 1178 1981 1235 ad
2040 1178 2256 1236 flumen

242 1271 514 1328 Axonam
542 1266 991 1339 contenderunt,
1023 1264 1185 1340 quod
1214 1282 1341 1323 esse
1370 1278 1505 1342 post
1543 1275 1742 1324 nostra
1783 1277 1969 1325 castra
2009 1268 2254 1328 demon—

244 1367 484 1417 stratum
534 1366 640 1416 est.
727 1357 819 1416 Ibi
867 1356 1029 1414 vadis
1085 1355 1327 1431 repertis
1383 1366 1608 1432 partem
1665 1375 1897 1415 suarum
1954 1359 2254 1435 copiarum

246 1450 551 1507 traducere
594 1449 787 1506 conati
829 1457 983 1518 sunt,
1024 1464 1096 1506 eo
1140 1447 1402 1519 consilio,
1434 1457 1514 1520 ut,
1555 1449 1601 1506 si
1639 1459 1898 1524 possent,
1936 1451 2250 1524 castellum,
2287 1481 2344 1517 10

248 1540 343 1598 cui
383 1549 647 1615 praeerat
686 1539 943 1613 Quintus
969 1538 1223 1595 Titurius
1266 1538 1502 1613 legatus,
1544 1550 1942 1614 expugnarent
1982 1551 2251 1616 pontem·

248 1648 363 1705 que
408 1629 927 1701 interscinderent3
987 1629 1033 1686 si
1084 1629 1275 1686 minus
1324 1630 1668 1704 potuissent,
1716 1649 1882 1706 agros
1931 1633 2252 1690 Remorum

244 1721 677 1798 popularentur,
727 1721 827 1795 qui
876 1737 1089 1794 magno
1138 1719 1307 1777 nobis
1352 1721 1480 1778 usui
1529 1719 1606 1778 ad
1650 1721 1865 1782 bellum
1930 1721 2253 1797 gerendum

245 1823 423 1886 erant,
453 1822 906 1886 commeatuque
934 1819 1164 1868 nostros
1192 1811 1586 1886 prohiberent.

318 1907 393 1963 X.
456 1905 676 1962 Caesar
716 1903 927 1960 certior
964 1903 1149 1960 factus
1178 1903 1253 1960 ab
1280 1903 1504 1962 Titurio
1550 1923 1787 1964 omnem
1831 1909 2152 1984 equitatum
2195 1920 2254 1969 et
2285 1932 2340 1985 15

241 1997 378 2054 levis
429 2003 756 2054 armaturae
805 1993 1118 2068 NumidaS,
1157 1995 1478 2054 funditores
1527 1998 1966 2075 sagittariosque
2010 2011 2251 2076 pontem

240 2087 491 2148 traducit
518 2096 694 2163 atque
717 2085 795 2144 ad
818 2105 920 2145 eos
947 2085 1270 2146 contendit.
1340 2089 1564 2148 Acriter
1585 2089 1646 2147 in
1667 2108 1740 2148 eo
1769 2091 1903 2151 loco
1931 2095 2254 2169 pugnatum

242 2188 343 2239 est.
430 2181 657 2239 Hostes
706 2178 1251 2255 impeditos-nostri
1294 2180 1355 2239 in
1405 2182 1640 2243 flumine
1684 2186 1934 2261 aggressi
1979 2205 2255 2264 magnum

244 2293 446 2333 eorum
510 2292 819 2331 numerum
876 2272 1259 2347 occiderunt3
1313 2291 1421 2349 per
1463 2293 1665 2335 eorum
1711 2296 1958 2354 corpora
2001 2280 2253 2356 reliquos

246 2365 630 2425 audacissime
686 2363 923 2423 transire
980 2373 1263 2423 conantes
1318 2366 1688 2426 multitudine
1743 2369 1992 2429 telorum
2045 2391 2255 2449 reppu-
2282 2401 2342 2437 20

245 2462 473 2534 lerunt3
516 2460 751 2537 primos,
786 2461 887 2537 qui
920 2460 1279 2532 transierant,
1310 2461 1569 2535 equitatu
1613 2463 2039 2525 circumventos
2079 2467 2246 2527 inter-

246 2554 527 2613 fecerunt.
625 2554 870 2625 HosteS,
928 2554 1027 2612 ubi
1085 2564 1144 2612 et
1198 2554 1274 2612 de
1331 2556 1726 2633 expugnando
1781 2559 2008 2635 oppido
2063 2570 2122 2620 et
2175 2562 2252 2621 de

244 2646 482 2706 flumine
538 2646 897 2717 transeundo
950 2665 1118 2723 spem
1166 2666 1229 2706 se
1279 2648 1544 2707 fefellisse
1599 2651 2004 2711 intellexerunt
2057 2671 2251 2730 neque

242 2749 470 2799 nostros
499 2740 557 2798 in
596 2740 793 2798 locum
836 2740 1181 2815 iniquiorem
1221 2734 1493 2817 progredi
1538 2743 1840 2820 pugnandi
1882 2763 2057 2803 causa
2091 2744 2252 2803 vide-

240 2844 390 2906 runt,
443 2845 621 2911 atque
666 2835 825 2910 ipsos
872 2851 963 2891 res
1013 2834 1384 2891 frumentaria
1439 2833 1692 2893 deficere
1748 2838 1965 2913 coepit,
2011 2840 2252 2898 consilio
2280 2849 2340 2904 ²5

245 2935 571 2986 convocato
600 2924 1042 2996 constituerunt,
1074 2926 1362 3000 optimum
1390 2944 1534 2999 esse,
1568 2927 1812 2986 domum
1851 2947 2015 2988 suam
2047 2948 2249 3004 quem-

244 3034 357 3091 que
395 3017 621 3089 reverti,
652 3025 729 3088 et,
760 3034 1009 3091 quorum
1051 3015 1109 3073 in
1152 3016 1298 3074 fines
1338 3016 1591 3091 primum
1637 3018 1891 3077 Romani
1933 3021 2250 3081 exercitum

243 3108 715 3180 introduxissent,
746 3105 823 3165 ad
861 3124 963 3165 eos
1006 3105 1412 3166 defendendos
1453 3108 1711 3184 undique
1756 3112 2152 3185 convenirent,
2189 3122 2252 3171 ut

242 3200 435 3272 potius
464 3199 524 3257 in
553 3198 669 3257 suis
692 3215 867 3272 quam
888 3197 947 3254 in
970 3196 1169 3255 alienis
1191 3197 1401 3256 finibus
1431 3197 1798 3259 decertarent
1827 3211 1886 3260 et
1913 3201 2250 3263 domesticis

247 3289 428 3363 copiis
464 3289 547 3347 rei
576 3287 979 3346 frumentariae
1018 3296 1327 3346 uterentur.
1413 3288 1508 3347 Ad
1550 3307 1680 3348 eam
1724 3294 2071 3352 sententiam
2113 3314 2249 3353 cum
2276 3316 2340 3367 30

246 3376 474 3454 reliquis
516 3378 703 3437 causis
745 3377 893 3436 haec
927 3396 1163 3453 quoque
1196 3378 1341 3437 ratio
1381 3397 1484 3439 eos
1523 3379 1784 3454 deduxit,
1814 3383 1978 3459 quod
2007 3385 2246 3444 Divitia-

249 3486 381 3527 cum
414 3477 588 3545 atque
616 3468 857 3527 Aeduo's
884 3469 1093 3528 finibus
1122 3469 1561 3529 Bellovacorum
1603 3474 2068 3550 appropinquare
2111 3496 2247 3554 cog-

248 3569 550 3627 noverant„
622 3560 737 3618 His
765 3559 1117 3635 persuaderi,
1147 3569 1213 3618 ut
1246 3559 1461 3619 diutius
1498 3574 1859 3623 morarentur
1898 3584 2092 3641 neque
2131 3569 2247 3626 suis

250 3649 517 3709 auxilium
544 3650 775 3724 ferrent,
804 3668 925 3709 non
953 3660 1195 3726 poterat.

326 3740 429 3797 XI.
474 3742 564 3799 Ea
594 3756 656 3798 re
696 3741 1023 3812 constituta,
1054 3740 1313 3800 secunda
1338 3740 1531 3817 vigilia
1569 3761 1786 3820 magno
1828 3765 1963 3805 cum
2005 3749 2246 3825 strepitu
2271 3766 2332 3816 35

250 3848 317 3887 ac
344 3833 589 3892 tumultu
619 3833 815 3892 castris
844 3835 1071 3909 egressi.
1092 3834 1251 3892 nullo
1294 3844 1458 3892 certo
1499 3834 1703 3894 ordine
1746 3856 1937 3913 neque
1979 3840 2241 3915 imperi0,

1232 3928 1266 3981 6
