2796 4207
488 220 612 286 194
1121 233 1234 287 DE
1284 230 1540 288 BELLO
1591 232 1828 289 GALLI
1837 233 1938 287 CO

572 410 699 459 tum
740 396 989 459 reduxit.
1072 396 1227 457 Cum
1270 396 1386 455 hoc
1429 393 1590 455 idem
1628 405 1866 472 postero
1901 394 2001 455 die
2041 396 2292 479 fecisset,
2326 398 2472 459 satis
2509 398 2584 459 ad

574 490 859 551 Gallicam
898 488 1355 549 ostentationem
1384 486 1764 545 minuendam
1795 487 2158 565 militumque
2185 490 2420 553 animos
2449 508 2584 551 con·

574 578 891 641 firmandos
934 580 1153 639 sactum
1203 578 1538 638 existimans
1583 578 1644 637 in
1684 576 1926 637 Aeduos
1968 576 2152 638 movit
2193 590 2403 639 castra.
2489 582 2583 641 Ne

574 682 697 731 tum
736 669 979 749 quidem
1018 670 1293 729 insecutis
1334 669 1616 741 hostibuS,
1647 669 1816 728 tertio
1857 668 1954 728 die
1995 668 2075 728 ad
2111 670 2330 729 flumen
2376 672 2586 733 Elaver

524 786 547 839 ς
574 771 787 840 pontes
812 760 1001 821 reficit
1027 778 1219 838 eoque
1250 760 1570 819 exercitum
1601 758 1866 818 traducit.

826 922 880 975 T
870 919 939 975 lte
962 920 1159 975 Aedui
1178 920 1339 991 began
1366 936 1533 983 wan·
1577 919 1785 973 Caesar
1805 936 2009 973 crosses
2033 918 2126 973 the
2147 920 2336 991 ngrer.

658 1046 817 1107 LIV.
863 1044 957 1105 Ibi
992 1063 1029 1103 a
1056 1043 1426 1103 Viridomaro
1467 1053 1642 1120 atque
1685 1042 2087 1119 Eporedorige
2117 1043 2340 1103 Aeduis
2383 1046 2584 1124 appel·

575 1138 723 1197 latus
756 1136 948 1209 discit,
978 1153 1115 1193 cum
1158 1136 1319 1193 omni
1360 1134 1620 1209 equitatu
1664 1133 2022 1192 Litaviccum
2066 1133 2144 1192 ad
2185 1134 2586 1195 sollicitandos

576 1227 816 1288 Aeduos
869 1226 1237 1303 profectum3
1293 1243 1443 1301 opus
1499 1241 1626 1283 esse
1682 1224 1840 1300 ipsos
1894 1224 2248 1283 antecedere
2305 1225 2386 1284 ad
2444 1244 2584 1285 con-

576 1316 921 1378 firmandam
963 1316 1274 1375 civitatem.
1360 1314 1488 1374 Etsi
1528 1314 1722 1373 multis
1765 1315 1880 1373 iam
1920 1315 2094 1373 rebus
2130 1315 2442 1391 perfidiam
2470 1318 2584 1377 Ae·

494 1446 551 1483 10
578 1411 825 1470 duorum
870 1418 1238 1485 perspectam
1281 1406 1534 1467 habebat
1571 1419 1746 1484 atque
1788 1407 1994 1465 horum
2024 1405 2284 1465 discessu
2313 1407 2584 1468 admatu-

576 1504 682 1561 rari
729 1500 1125 1559 defectionem
1166 1498 1412 1557 civitatis
1455 1498 1838 1569 existimabat,
1869 1506 2066 1555 tamen
2101 1514 2204 1555 eos
2242 1498 2588 1559 retinendos

576 1614 699 1655 non
748 1594 1062 1665 constituit,
1108 1596 1191 1651 'ne
1238 1600 1339 1650 aut
1386 1590 1596 1650 inferre
1647 1590 1909 1648 iniuriam
1957 1589 2250 1649 videretur
2297 1602 2402 1651 aut
2445 1593 2587 1653 dare

578 1685 798 1745 timoris
826 1685 1078 1761 aliquam
1108 1682 1521 1758 suspicionem.
1603 1679 2058 1740 Discedentibus
2085 1680 2174 1741 his
2203 1683 2458 1743 breviter
2485 1703 2592 1744 sua

578 1781 636 1839 in
657 1777 898 1839 Aeduos
928 1777 1132 1837 merita
1158 1775 1468 1852 exposuit,
1510 1792 1659 1850 quos
1681 1784 1742 1833 et
1761 1791 1940 1850 quam
1961 1774 2208 1833 humiles
2237 1778 2587 1884 accepisset,

494 1892 511 1927 ι
524 1892 549 1945 5
577 1873 956 1950 compulsos
942 1892 1001 1931 m
1028 1870 1266 1949 oppida,
1299 1869 1572 1927 multatos
1609 1868 1777 1945 agris,
1807 1865 2082 1925 omnibus
2115 1870 2331 1945 ereptis
2378 1872 2587 1949 copiiS,

577 1969 853 2045 imposito
875 1965 1187 2044 stipendi0,
1212 1964 1512 2024 obsidibus
1541 1982 1768 2023 summa
1789 1981 1926 2021 cum
1949 1962 2304 2021 contumelia
2325 1968 2586 2037 extortiS,

578 2070 638 2121 et
665 2079 841 2138 quam
873 2061 934 2119 in
962 2061 1252 2120 fortunam
1295 2077 1590 2136 quamque
1633 2060 1691 2118 in
1735 2058 2179 2136 amplitudinem
2223 2055 2588 2130 deduxisset,

578 2165 642 2214 ut
684 2174 805 2213 non
854 2154 1041 2215 solum
1090 2156 1150 2213 in
1197 2153 1502 2230 pristinum
1549 2162 1762 2212 statum
1807 2151 2112 2224 redissent,
2160 2151 2268 2210 sed
2317 2152 2589 2211 omnium

578 2261 908 2328 temporum
938 2249 1277 2328 dignitatem
1301 2259 1359 2307 et
1379 2247 1620 2325 gratiam
1641 2243 2021 2304 antecessisse
2043 2242 2400 2303 viderentur.
2479 2245 2590 2302 His

492 2357 553 2393 20
579 2342 728 2401 datis
756 2341 1043 2400 mandatis
1072 2359 1174 2400 eos
1202 2341 1278 2400 ab
1306 2359 1368 2399 se
1398 2338 1633 2397 dimisit.

661 2433 779 2492 LV.
826 2431 1247 2492 Noviodunum
1283 2443 1404 2492 erat
1438 2434 1724 2510 oppidum
1755 2430 2092 2492 Aeduorum
2123 2429 2201 2490 ad
2227 2431 2386 2508 ripas
2416 2432 2587 2510 Lige-

578 2528 653 2587 ris
703 2539 1037 2605 opportuno
1087 2527 1221 2587 loco
1269 2525 1544 2602 positum.
1633 2525 1772 2583 Huc
1817 2525 2034 2584 Caesar
2081 2541 2291 2583 omnes
2348 2524 2592 2585 obsides

581 2619 819 2689 Galliae,
861 2619 1230 2690 frumentum,
1274 2617 1584 2693 pecuniam
1629 2615 1938 2691 publicam,
1984 2633 2222 2673 suorum
2264 2624 2446 2690 atque
2493 2634 2590 2674 ex·

580 2709 791 2770 ercitus
846 2708 1398 2785 impedimentorum
1449 2727 1721 2784 magnam
1772 2717 1997 2784 partem
2046 2708 2412 2780 contulerat;
2475 2708 2591 2768 huc

495 2808 553 2861 ²5
580 2819 856 2876 magnum
898 2818 1204 2858 numerum
1244 2818 1528 2874 equorum
1558 2799 1726 2858 huius
1755 2799 1888 2858 belli
1917 2816 2094 2857 causa
2121 2798 2180 2856 in
2212 2799 2381 2857 Italia
2411 2809 2591 2876 atque

585 2891 870 2968 Hispania
911 2895 1249 2966 coemptum
1292 2889 1544 2948 miserat.
1630 2890 1723 2949 Eo
1765 2908 1903 2948 curn
1947 2887 2319 2965 Eporedorix
2354 2889 2588 2950 Virido-

582 3000 889 3057 marusque
933 2981 1226 3040 venissent
1267 2989 1326 3038 et
1366 2979 1444 3038 de
1487 2990 1636 3039 statu
1681 2979 1923 3038 civitatis
1969 2980 2399 3055 cognovissent,
2435 2981 2588 3040 Lita-

582 3071 809 3130 viccum
839 3071 1088 3130 Bibracti
1113 3071 1187 3128 ab
1210 3069 1429 3129 Aeduis
1457 3080 1777 3146 receptum,
1801 3069 1962 3145 quod
1993 3080 2080 3128 est
2108 3069 2400 3146 oppidum
2430 3071 2591 3148 apud

582 3180 685 3221 eos
713 3162 999 3220 maximae
1029 3161 1400 3232 auctoritatis,
1437 3161 1941 3220 Convictolitavim
1987 3160 2385 3236 magistratum
2429 3181 2587 3238 mag-

495 3270 557 3320 30
582 3247 834 3326 namque
878 3261 1099 3326 partem
1143 3261 1375 3309 senatus
1415 3250 1490 3309 ad
1530 3270 1665 3310 eum
1695 3251 2054 3320 convenisse,
2086 3251 2309 3326 legatos
2339 3251 2419 3311 ad
2445 3251 2587 3311 Ver·

584 3342 996 3417 cingetorigem
1026 3340 1104 3399 de
1134 3359 1280 3418 pace
1310 3351 1369 3399 et
1395 3342 1649 3400 amicitia
1675 3339 2044 3400 concilianda
2080 3341 2314 3415 publice
2361 3343 2586 3412 missos

584 3449 704 3490 non
755 3430 1327 3506 praetermittendum
1380 3440 1604 3490 tantum
1654 3430 2036 3490 commodum
2095 3430 2584 3492 existimaverunt.

588 3521 795 3598 Itaque
837 3521 1149 3581 interfectis
1194 3520 1535 3580 Novioduni
1577 3520 1936 3594 custodibus,
1980 3521 2198 3598 quique
2241 3540 2320 3581 eo
2363 3524 2584 3600 negoti-

588 3609 726 3667 andi
753 3627 930 3668 causa
956 3621 1366 3682 convenerant,
1383 3613 1696 3686 pecuniam
1725 3621 1900 3688 atque
1931 3629 2116 3687 equos
2137 3611 2290 3671 inter
2311 3631 2378 3673 se
2399 3613 2584 3690 partiti

506 3705 565 3756 35
590 3707 741 3767 sunt,
770 3697 1004 3756 obsides
1038 3699 1331 3757 civitatum
1363 3700 1630 3760 Bibracte
1660 3701 1736 3760 ad
1765 3702 2161 3778 magistratum
2201 3701 2583 3763 deducendos

596 3795 952 3854 curaverunt,
984 3787 1285 3860 oppidum,
1316 3789 1478 3862 quod
1505 3809 1539 3847 a
1567 3809 1630 3849 se
1660 3793 1844 3850 teneri
1872 3809 1992 3850 non
2021 3809 2194 3868 posse
2229 3793 2579 3860 iudicabant,
