2796 4207
416 161 498 226 80
1048 177 1159 229 DE
1211 176 1467 230 BELLO
1519 176 1754 230 GALLI
1765 177 1866 230 CO

500 337 803 398 subruunt.
888 337 1071 413 Quod
1108 347 1229 395 tum
1261 337 1430 396 facile
1457 337 1651 396 fiebat.
1739 339 1894 396 Nam
1937 356 2074 398 cum
2113 346 2276 398 tanta
2316 339 2510 398 multi·

498 427 645 488 tudo
672 426 896 504 lapides
924 445 995 486 ac
1025 428 1141 486 tela
1166 428 1522 500 conicerent,
1552 429 1611 487 in
1640 446 1809 488 muro
1852 429 2209 488 consistendi
2251 440 2513 506 potestas

496 529 619 580 erat
676 517 838 578 nulli.
954 519 1109 578 Cum
1164 517 1343 578 finem
1398 519 1780 596 oppugnandi
1836 539 1956 579 nox
2009 520 2258 592 fecisset,
2317 521 2513 580 Iccius

498 613 739 682 RemuS,
765 628 997 670 summa
1022 611 1322 670 nobilitate
1353 621 1414 670 et
1439 612 1619 687 gratia
1646 612 1795 669 inter
1821 629 1975 683 suOS,
2000 613 2102 688 qui
2129 622 2252 670 tum
2282 613 2512 688 oppido

443 722 469 775 5
494 703 837 779 praefuerat,
869 719 1020 760 unus
1048 719 1123 760 ex
1152 702 1253 774 eis,
1275 703 1377 776 qui
1405 701 1575 778 legati
1604 699 1681 760 de
1710 719 1858 778 pace
1887 702 1965 762 ad
1993 703 2305 764 Caesarem
2333 721 2512 762 vene-

492 804 639 867 rant,
672 793 939 852 nuntium
968 791 1047 851 ad
1075 810 1211 851 eum
1242 793 1430 864 mittit,
1459 792 1570 851 nisi
1607 792 1930 852 subsidium
1971 793 2080 854 sibi
2121 792 2508 868 submittatur,

494 902 621 943 sese
652 884 867 944 diutius
896 883 1177 942 sustinere
1204 900 1326 942 non
1357 899 1550 958 posse.

638 1033 852 1088 Caesar
874 1035 1105 1089 relieves
1129 1033 1221 1087 the
1244 1021 1415 1098 town,
1443 1033 1569 1086 and
1583 1034 1834 1105 strongly
1841 1035 2093 1105 fortffies
2115 1053 2153 1088 a
2178 1039 2358 1104 camp.

572 1151 710 1210 VII.
758 1152 849 1211 Eo
878 1152 956 1211 de
990 1151 1186 1211 media
1228 1161 1404 1209 nocte
1444 1151 1658 1210 Caesar
1699 1149 1887 1210 isdem
1929 1150 2176 1245 ducib‘sss
2217 1169 2374 1244 usuS,
2405 1155 2510 1228 qui

490 1242 677 1300 nuntii
723 1243 797 1300 ab
850 1243 1012 1301 Iccio
1049 1250 1347 1312 venerant,
1394 1240 1684 1300 Numidas
1725 1250 1785 1299 et
1825 1242 2028 1301 Cretas
2076 1243 2398 1318 sagmarios
2451 1255 2512 1302 et

404 1360 463 1396 ιο
490 1305 831 1391 funditore?
856 1333 1121 1392 Baleares
1168 1331 1426 1391 subsidio
1476 1331 1787 1407 oppidanis
1837 1333 2047 1406 mittit3
2104 1351 2352 1408 quorum
2402 1334 2507 1394 ad-

487 1433 665 1482 ventu
706 1433 766 1483 et
808 1425 1012 1483 Remis
1054 1443 1190 1483 cum
1234 1441 1337 1497 spe
1384 1422 1742 1480 defensionis
1785 1422 2043 1481 studium
2085 1425 2506 1502 propugnandi

487 1516 751 1587 accessit,
791 1524 849 1574 et
890 1514 1153 1574 hostibus
1195 1512 1406 1572 eadem
1453 1511 1529 1570 de
1573 1531 1749 1571 causa
1795 1530 1932 1588 spes
1977 1513 2248 1589 potiundi
2297 1515 2508 1591 oppidi

488 1603 767 1664 discessit.
855 1607 1061 1682 Itaque
1104 1605 1396 1682 paulisper
1426 1601 1586 1678 apud
1631 1601 1920 1679 oppidum
1968 1603 2176 1662 morati
2217 1622 2504 1682 agrosque

488 1695 811 1753 Remorum
840 1695 1199 1771 depopulati,
1231 1693 1503 1753 omnibus
1534 1693 1676 1751 vicis
1713 1691 2133 1769 aedificiisque,
2162 1712 2312 1769 quos
2341 1695 2504 1754 adire

404 1799 455 1852 ¹5
485 1793 810 1860 potuerant,
854 1787 1104 1845 incensis
1143 1785 1219 1844 ad
1262 1795 1450 1843 castra
1495 1784 1759 1843 Caesaris
1813 1783 2084 1842 omnibus
2133 1786 2318 1862 copiis
2361 1804 2503 1845 con-

484 1873 795 1934 tenderunt
824 1885 883 1934 et
910 1877 985 1934 ab
1013 1875 1241 1934 milibus
1271 1893 1546 1951 passuum
1587 1874 1778 1932 minus
1825 1872 2056 1933 duobus
2099 1885 2284 1933 castra
2324 1894 2502 1952 posu-

485 1973 690 2037 erunt;
746 1983 897 2040 quae
946 1976 1148 2038 castra,
1199 1975 1262 2023 ut
1310 1965 1473 2023 fumo
1525 1973 1703 2039 atque
1764 1963 1994 2040 ignibus
2051 1964 2502 2040 significabatur,

485 2056 729 2133 amplius
758 2057 987 2115 milibus
1014 2075 1289 2133 passuum
1320 2066 1459 2117 octo
1488 2057 1550 2115 in
1581 2056 1947 2115 latitudinem
1979 2056 2278 2133 patebant.

562 2147 735 2205 VIII.
781 2148 997 2205 Caesar
1042 2148 1231 2223 primo
1272 2158 1332 2205 et
1371 2157 1611 2223 propter
1659 2146 2091 2207 multitudinem
2144 2148 2400 2209 hostium
2445 2161 2504 2210 et

396 2262 459 2299 20
484 2246 721 2311 propter
742 2237 1011 2295 eximiam
1034 2238 1371 2312 opinionem
1390 2239 1609 2297 virtutis
1631 2240 1856 2314 proelio
1879 2236 2263 2316 supersedere
2286 2242 2502 2313 statuit,

484 2325 698 2385 cotidie
740 2336 936 2385 tamen
978 2329 1339 2402 equestribus
1381 2329 1631 2404 proelii5‚
1664 2329 1808 2405 quid
1847 2330 2034 2390 hostis
2061 2332 2270 2391 virtute
2299 2343 2504 2409 posset

484 2424 543 2474 et
570 2415 713 2491 quid
740 2417 920 2475 nostri
948 2417 1245 2489 auderent,
1276 2419 1719 2493 periclitabatur.
1808 2422 1929 2482 Ubi
1957 2431 2191 2482 nostros
2219 2440 2342 2483 non
2373 2442 2502 2483 esse

483 2506 778 2563 inferiores
824 2506 1115 2578 intellexit,
1161 2507 1294 2566 loco
1340 2527 1446 2583 pro
1491 2512 1690 2570 castris
1737 2512 1818 2572 ad
1863 2513 2054 2575 aciem
2099 2516 2501 2575 instruendam

484 2604 685 2653 natura
732 2606 1065 2670 opportuno
1108 2609 1281 2673 atque
1330 2578 1597 2693 idoneo(
1617 2604 1782 2678 quod
1831 2605 1880 2663 is
1928 2607 2114 2680 collis,
2163 2607 2264 2666 ubi
2313 2616 2504 2667 castra

397 2702 455 2753 ²5
482 2686 671 2759 posita
698 2696 877 2757 erant,
908 2687 1202 2761 paululum
1234 2706 1308 2745 ex
1340 2690 1577 2764 planitie
1623 2692 1814 2753 editus
1856 2700 2084 2755 tantum
2125 2696 2406 2757 adversus
2439 2700 2502 2757 in

484 2774 845 2832 latitudinem
887 2777 1140 2850 patebat,
1187 2788 1466 2853 quantum
1515 2783 1632 2841 loci
1672 2786 1829 2844 acies
1877 2788 2160 2847 instructa
2205 2807 2502 2867 occupare

482 2871 734 2939 poterat,
770 2874 945 2939 atque
987 2883 1062 2923 ex
1102 2876 1344 2943 utraque
1388 2881 1551 2946 parte
1594 2875 1784 2935 lateris
1829 2876 2096 2937 deiectus
2140 2880 2400 2941 habebat
2442 2890 2503 2940 et

482 2952 542 3010 in
584 2954 832 3010 frontem
877 2953 1080 3014 leniter
1121 2958 1415 3035 fastigatus
1463 2963 1738 3037 paulatim
1781 2966 1860 3025 ad
1899 2968 2200 3044 planitiem
2249 2971 2500 3045 redibat,

483 3042 557 3098 ab
584 3051 829 3117 utroque
856 3043 1032 3102 latere
1064 3047 1186 3105 eius
1232 3051 1393 3108 collis
1436 3062 1815 3115 transversam
1853 3058 2072 3118 fossam
2111 3060 2359 3121 obduxit
2390 3064 2497 3122 cir-

392 3147 457 3197 30
483 3130 623 3187 citer
650 3148 923 3204 passuum
955 3134 1510 3213 quadringentorum
1540 3152 1599 3201 et
1626 3143 1704 3203 ad
1731 3156 2017 3207 extremas
2046 3150 2230 3211 fossas
2260 3154 2500 3213 castella

483 3220 780 3277 constituit
806 3220 1001 3294 ibique
1042 3236 1329 3287 tormenta
1371 3232 1696 3307 collocavit,
1723 3255 1820 3311 ne,
1849 3257 1988 3299 cum
2019 3242 2206 3301 aciem
2247 3244 2495 3313 instrux-

482 3307 635 3378 isset,
666 3306 881 3381 hosteS,
911 3313 1075 3385 quod
1116 3326 1339 3376 tantum
1381 3320 1748 3383 multitudine
1789 3338 2076 3404 poterant,
2105 3334 2182 3393 ab
2218 3334 2498 3395 lateribus

481 3408 807 3471 pugnantes
856 3418 991 3458 suos
1048 3404 1460 3466 circumvenire
1516 3425 1772 3486 possent:
1859 3419 1998 3477 Hoc
2047 3422 2206 3483 facto
2263 3424 2497 3487 duabus

480 3485 823 3586 legionibus,
867 3507 1011 3563 quas
1053 3495 1312 3566 proxime
1355 3501 1793 3578 conscripserat,
1823 3508 1881 3565 in
1913 3512 2112 3569 castris
2145 3514 2380 3588 relictiS,
2411 3526 2495 3589 ut,

394 3599 457 3649 35
482 3593 527 3631 si
556 3596 675 3651 quo
706 3597 855 3652 opus
884 3589 1054 3649 esset,
1076 3582 1334 3642 subsidio
1368 3585 1505 3645 duci
1534 3604 1790 3667 possent,
1815 3597 2064 3673 reliquas
2094 3618 2199 3661 sex
2227 3606 2494 3681 legiones

482 3682 589 3736 pro
634 3667 831 3723 castris
872 3666 933 3723 in
974 3669 1097 3725 acie
1149 3674 1463 3731 constituit.
1550 3679 1771 3738 Hostes
1813 3684 1952 3743 item
1995 3706 2128 3748 suas
2171 3695 2376 3770 copias
2419 3714 2496 3755 ex

485 3753 681 3809 castris
710 3752 949 3809 eductas
978 3754 1369 3815 instruxerant.
2203 3804 2209 3809 -

570 4136 1341 4149 Q.v—u-——v————————-—-—.
1352 4146 1406 4148 *›.
