2796 4207
476 216 601 283 176
1116 234 1229 289 m:
1280 235 1537 291 BELLo
1589 236 1932 293 GALLICO

562 395 761 456 hostes
788 414 863 455 ex
896 395 1179 457 aedificiis
1219 408 1456 474 petere:
1501 397 1609 457 hos
1649 417 1858 459 omnes
1897 400 2118 459 cotidie
2159 402 2234 461 ab
2276 402 2568 479 equitibus

561 486 745 547 deleri
780 505 973 564 posse.
1059 489 1365 548 Praeterea
1391 488 1588 548 salutis
1615 508 1792 549 causa
1817 491 1900 549 rei
1927 492 2218 551 familiaris
2246 494 2570 554 commoda

560 577 962 654 neglegenda:
1002 579 1164 638 vicos
1183 588 1359 655 atque
1380 578 1656 639 aedificia
1681 581 1916 641 incendi
1943 594 2216 658 oportere
2239 583 2355 642 hoc
2375 586 2566 661 spatio

558 669 635 729 ab
660 669 757 727 via
782 686 1233 745 quoqueversuS,
1264 688 1385 746 quo
1427 670 1745 747 pabulandi
1785 690 1963 731 causa
2001 672 2164 732 adire
2198 692 2374 751 posse
2401 674 2564 734 vide-

505 778 533 831 5
558 769 744 818 antur.
830 760 1061 818 Harum
1090 760 1227 837 ipsis
1254 778 1446 820 rerum
1476 760 1711 838 copiam
1738 773 2069 839 suppetere,
2099 764 2281 841 quod,
2312 782 2566 841 quorum

558 851 618 909 in
646 850 857 910 finibus
885 850 1101 911 belluni
1129 861 1376 927 geratur,
1407 868 1611 912 eorum
1639 852 1849 929 opibus
1887 854 2296 929 subleventur;
2340 857 2563 915 Roma-

558 960 668 1002 nos
695 952 797 1001 aut
822 943 1081 1019 inopiam
1116 961 1239 1003 non
1276 943 1491 1003 laturos
1527 953 1630 1003 aut
1669 962 1885 1021 magno
1926 947 2188 1021 periculo
2228 948 2457 1023 longius
2487 949 2568 1008 ab

556 1034 757 1093 castris
798 1052 1172 1111 processuros
1192 1055 1211 1107 3
1254 1052 1448 1111 neque
1483 1036 1778 1108 interesse,
1808 1037 2042 1113 ipsosne
2073 1038 2422 1098 interficiant
2451 1040 2562 1098 im-

554 1125 985 1202 pedimentisne
1015 1135 1249 1199 exuant,
1278 1127 1490 1202 quibus
1517 1128 1739 1187 amissis
1774 1128 1989 1188 bellum
2031 1130 2152 1205 geri
2193 1148 2316 1190 non
2355 1133 2564 1207 possit.

472 1237 531 1275 ro
557 1219 863 1277 Praeterea
901 1216 1125 1294 oppida
1162 1216 1401 1276 incendi
1441 1229 1731 1294 oportere,
1776 1235 1926 1294 quae
1967 1237 2090 1280 non
2132 1221 2456 1281 munitione
2503 1234 2566 1281 et

554 1308 669 1368 loci
710 1318 915 1368 natura
953 1308 1029 1367 ab
1070 1308 1234 1368 omni
1274 1308 1389 1367 sint
1428 1309 1692 1385 periculo
1732 1319 1874 1382 tuta,
1909 1328 2027 1369 neu
2061 1312 2178 1371 suis
2207 1312 2323 1371 sint
2347 1312 2425 1371 ad
2453 1312 2558 1372 de-

554 1399 919 1459 trectandam
958 1398 1222 1459 militiam
1262 1400 1633 1476 receptacula
1671 1418 1788 1459 neu
1817 1401 2101 1461 Romanis
2141 1403 2444 1479 proposita
2481 1405 2564 1463 ad

554 1492 788 1569 copiam
827 1503 1189 1553 commeatus
1222 1492 1621 1569 praedamque
1665 1492 2002 1553 tollendam.
2087 1494 2261 1553 Haec
2288 1495 2338 1553 si
2363 1496 2564 1570 gravia

554 1594 655 1643 aut
694 1584 905 1645 acerba
945 1585 1268 1658 videantur,
1309 1585 1496 1645 multo
1543 1584 1638 1643 illa
1685 1584 1909 1661 gravius
1957 1584 2279 1659 aestimare,
2323 1584 2562 1659 liberos,

471 1699 527 1754 ¹5
554 1675 833 1752 coniuges
888 1676 949 1736 in
1004 1676 1336 1735 servitutem
1392 1674 1663 1748 abstrahi,
1718 1676 1878 1752 ipsos
1933 1676 2217 1793 interfici,
2275 1694 2430 1754 quae
2487 1680 2564 1737 sit

554 1785 797 1828 necesse
837 1767 1105 1827 accidere
1146 1768 1330 1827 victiS.

632 1859 760 1918 XV.
804 1858 1086 1919 Omnium
1134 1876 1426 1918 consensu
1476 1857 1587 1917 hac
1635 1858 1923 1917 sententia
1975 1858 2238 1933 probata,
2288 1877 2409 1919 uno
2458 1859 2560 1918 die

552 1949 800 2024 amplius
826 1966 911 2008 xx
938 1949 1111 2009 urbes
1140 1949 1461 2025 Biturigum
1489 1946 1897 2008 incenduntur.
1977 1950 2121 2009 Hoc
2147 1948 2308 2008 idem
2337 1950 2400 2008 in
2425 1950 2557 2008 reli-

552 2042 683 2119 quis
710 2041 775 2100 fit
801 2041 1144 2100 civitatibus
1230 2042 1303 2099 In
1338 2040 1612 2101 omnibus
1651 2040 1909 2117 partibus
1949 2040 2223 2099 incendia
2265 2042 2557 2118 conspici-

466 2164 528 2201 20
552 2143 761 2206 untur3
806 2151 957 2209 quae
986 2133 1094 2192 etsi
1122 2150 1337 2208 magno
1374 2151 1512 2190 cum
1554 2131 1758 2192 dolore
1799 2150 2006 2192 omnes
2045 2132 2325 2205 ferebant,
2353 2142 2557 2192 tamen

552 2224 667 2284 hoc
697 2224 807 2284 sibi
834 2224 1018 2284 solatii
1046 2223 1476 2300 proponebant,
1499 2222 1662 2298 quod
1691 2241 1753 2282 se
1781 2240 1966 2300 prope
1996 2224 2296 2298 explorata
2313 2224 2560 2284 victoria

551 2316 815 2375 celeriter
860 2315 1071 2374 amissa
1116 2315 1536 2390 reciperaturos
1583 2313 1981 2374 confidebant.
2067 2314 2438 2374 Deliberatur
2477 2315 2556 2374 de

551 2408 799 2466 Avarico
840 2409 899 2465 in
942 2408 1241 2466 communi
1283 2406 1555 2478 concilio,
1597 2404 1837 2465 incendi
1877 2406 2135 2483 placeret
2173 2424 2250 2465 an
2291 2404 2552 2466 defendi.

552 2497 951 2558 Procumbunt
976 2497 1249 2556 omnibus
1278 2497 1460 2556 Gallis
1487 2495 1564 2555 ad
1593 2495 1777 2572 pedes
1793 2497 2109 2573 Bituriges,
2138 2515 2214 2556 ne
2243 2497 2556 2572 pulcherri-

462 2617 525 2672 ²5
550 2607 705 2647 mam
752 2605 940 2665 prope
987 2589 1163 2647 totius
1208 2587 1428 2647 Galliae
1479 2587 1701 2656 urbem,
1745 2605 1896 2663 quae
1947 2587 2240 2662 praesidio
2281 2596 2342 2646 et
2383 2605 2552 2646 orna-

550 2688 751 2739 mento
778 2680 851 2738 sit
872 2678 1103 2750 civitati,
1127 2679 1243 2736 suis
1273 2677 1540 2737 manibus
1567 2677 1926 2736 succendere
1955 2687 2304 2754 cogerentur
2327 2699 2342 2750 ;
2385 2678 2553 2736 facile

548 2788 610 2829 se
653 2770 770 2828 loci
809 2780 1013 2829 natura
1054 2768 1396 2828 defensuros
1441 2767 1665 2840 dicunt,
1708 2767 1890 2843 quod,
1933 2785 2118 2844 prope
2161 2786 2238 2826 ex
2277 2769 2552 2828 omnibus

549 2861 806 2937 partibus
834 2860 1071 2920 flumine
1110 2870 1169 2918 et
1201 2858 1417 2934 palude
1459 2857 1838 2930 circumdata,
1870 2877 2050 2917 unum
2093 2858 2305 2918 habeat
2333 2868 2394 2918 et
2419 2877 2552 2936 per-

548 2961 858 3029 angustum
879 2951 1120 3010 aditum.
1192 2952 1380 3010 Datur
1398 2950 1731 3026 petentibus
1751 2949 1939 3021 venia,
1962 2949 2340 3010 dissuadente
2362 2952 2552 3026 primo

461 3067 523 3118 30
546 3042 1037 3119 Vercingetorige,
1058 3050 1194 3119 post
1222 3041 1591 3100 concedente
1621 3051 1680 3100 et
1707 3041 1979 3118 precibus
2008 3042 2267 3116 ipsorum
2295 3050 2358 3100 et
2377 3034 2551 3100 ‘mise-

547 3133 797 3195 ricordia
822 3134 994 3210 vulgi.
1082 3133 1436 3192 Defensores
1465 3132 1694 3209 oppido
1722 3131 1922 3192 idonei
1950 3131 2296 3208 deliguntur.

552 3306 777 3372 Caesar,
815 3306 1023 3379 though
1060 3306 1341 3361 harassed
1364 3307 1430 3376 by
1469 3306 1892 3377 Vercingetorix,
1930 3305 2166 3377 besieges
2197 3306 2541 3360 Avaricum.

701 3389 1113 3460 Vercingetorix
1156 3388 1317 3460 being
1359 3388 1600 3442 accused
1641 3389 1714 3458 of
1746 3385 2028 3456 treachery
2069 3386 2250 3441 clears
2297 3385 2547 3458 himself

688 3471 1012 3524 Avaricum
1050 3471 1100 3522 is
1135 3470 1302 3525 taken
1340 3469 1408 3537 by
1438 3468 1662 3522 Caesar.

626 3595 787 3652 XVI.
830 3594 1267 3669 Vercingetorix
1304 3592 1623 3653 minoribus
1653 3593 1964 3652 Caesarem
2006 3591 2306 3651 itineribus
2348 3593 2542 3652 subse·

547 3683 741 3757 quitur
773 3693 833 3739 et
871 3683 1067 3740 locum
1108 3684 1307 3742 castris
1350 3683 1551 3758 deligit
1592 3682 1901 3758 paludibus
1944 3682 2212 3757 silvisque
2256 3683 2542 3742 munitum

544 3771 623 3830 ab
648 3772 895 3829 Avarico
922 3771 1093 3845 longe
1122 3772 1278 3829 milia
1304 3790 1580 3845 passuum
1609 3789 1728 3830 xvr.
1807 3772 1900 3830 Ibi
1927 3790 2032 3847 per
2059 3782 2251 3831 certos
2281 3774 2540 3849 explora.-
