2796 4207
474 178 599 243 128
1120 193 1229 252 DE
1282 193 1536 248 BELLO
1589 194 1934 249 GALLICO

822 424 1090 498 His-fleat
1110 425 1161 479 is
1184 424 1474 480 skattered
1489 427 1553 496 by
1577 444 1614 480 a
1639 433 1816 481 storm
1827 445 1861 490 ,·
1897 425 1966 481 lte
1990 428 2214 498 repairs
2236 429 2302 485 it.

638 550 713 608 X.
758 548 1041 608 Postridie
1070 549 1195 609 eius
1229 549 1348 609 diei
1380 567 1552 608 mane
1583 551 1864 626 tripertito
1893 551 2100 610 milites
2129 552 2481 628 equitesque
2513 554 2578 614 in

561 638 999 716 expeditionem
1053 639 1225 712 misit,
1276 651 1340 699 ut
1393 659 1516 713 eos,
1571 642 1672 719 qui
1727 642 2007 718 fugerant,
2056 655 2572 720 persequerentur.

563 733 676 790 His
718 731 1073 807 aliquantum
1118 731 1333 791 itineris
1374 733 1709 808 progressis,
1749 751 1885 791 cum
1926 734 2042 791 iam
2085 735 2330 792 extremi
2371 747 2578 796 essent

561 823 620 881 in
662 831 997 899 prospectu,
1032 821 1257 898 equites
1291 841 1326 881 a
1354 823 1577 898 Quinto
1607 823 1768 882 Atrio
1801 823 1879 882 ad
1908 825 2220 883 Caesarem
2259 836 2574 900 venerunt,

506 934 534 988 5
561 914 661 990 qui
718 914 1066 986 nuntiarent,
1111 913 1406 989 superiore
1451 924 1627 972 nocte
1674 915 1926 973 maxima
1971 925 2173 974 coorta
2215 927 2575 992 tempestate

560 1022 745 1081 prope
773 1021 981 1063 omnes
1016 1023 1194 1064 naves
1220 1005 1463 1064 afflictas
1491 1015 1666 1081 atque
1694 1006 1756 1064 in
1783 1006 1949 1066 litore
1979 1007 2194 1065 eiectas
2221 1025 2370 1080 esse,
2403 1009 2574 1085 quod

560 1113 755 1172 neque
784 1113 1033 1155 ancorae
1061 1096 1345 1172 funesque
1379 1096 1755 1156 subsisterent
1795 1115 1989 1173 neque
2031 1107 2241 1157 nautae
2283 1099 2573 1174 guberna-

560 1197 835 1262 toresque
878 1187 995 1245 vim
1043 1187 1164 1262 pati
1209 1188 1568 1262 tempestatis
1612 1198 1886 1263 possent:
1947 1189 2142 1264 itaque
2185 1207 2260 1247 ex
2301 1207 2378 1248 eo
2421 1208 2571 1248 con-

560 1296 731 1338 cursu
762 1278 997 1336 navium
1025 1297 1301 1354 magnum
1330 1297 1457 1337 esse
1487 1278 1928 1338 incommodum
1957 1289 2286 1354 acceptum.

478 1398 536 1435 10
638 1371 747 1429 XI.
790 1370 903 1428 His
931 1370 1103 1429 rebus
1130 1371 1377 1447 cognitis
1400 1370 1615 1429 Caesar
1640 1370 1900 1446 legiones
1930 1372 2368 1447 equitatumque
2399 1391 2569 1430 revo-

562 1462 680 1520 cari
706 1471 881 1537 atque
910 1461 969 1520 in
998 1461 1201 1521 itinere
1230 1460 1492 1520 resistere
1521 1463 1698 1534 iubet,
1727 1462 1853 1537 ipse
1893 1461 1971 1520 ad
2007 1480 2184 1520 naves
2223 1463 2532 1522 revertitur
2553 1485 2571 1536 3

562 1552 774 1611 eadem
819 1553 957 1624 fere,
1004 1569 1155 1627 quae
1204 1569 1277 1610 ex
1320 1552 1533 1612 nuntiis
1576 1553 1894 1629 litterisque
1939 1562 2312 1629 cognoverat,
2363 1571 2570 1612 coram

562 1643 857 1720 perspicit,
900 1644 983 1702 sic
1024 1655 1089 1701 ut
1130 1643 1352 1702 amissis
1393 1643 1620 1702 circiter
1658 1660 1738 1702 XL
1777 1644 2022 1704 navibus
2064 1644 2321 1720 reliquae
2363 1653 2569 1703 tamen

562 1734 723 1793 refici
750 1751 924 1811 posse
953 1752 1169 1810 magno
1198 1734 1436 1810 negotio
1461 1733 1811 1794 viderentur.
1897 1735 2106 1810 Itaque
2135 1752 2208 1792 ex
2234 1735 2568 1810 legionibus

478 1857 537 1910 15
564 1827 754 1885 fabros
796 1824 995 1900 deligit
1028 1834 1089 1883 et
1125 1843 1199 1883 ex
1235 1825 1559 1884 continenti
1600 1825 1742 1884 alios
1785 1827 1997 1884 arcessi
2041 1826 2240 1899 iubet3
2299 1825 2568 1884 Labieno

564 1916 777 1988 scribit,
821 1926 902 1990 ut,
946 1934 1123 1992 quam
1165 1917 1437 1992 plurimas
1479 1927 1694 1991 posset,
1737 1917 1806 1976 iis
1847 1917 2190 1993 legionibus,
2235 1935 2388 1993 quae
2431 1926 2570 1976 sunt

564 2007 724 2085 apud
752 2026 906 2080 eum,
936 2027 1111 2067 naves
1145 2009 1419 2067 instituat.
1505 2009 1660 2086 Ipse,
1691 2009 1799 2067 etsi
1825 2026 1917 2067 res
1946 2019 2068 2068 erat
2097 2008 2312 2067 multae
2347 2025 2567 2084 operae

564 2119 634 2160 ac
662 2099 889 2173 laboriS,
918 2110 1114 2159 tamen
1150 2098 1693 2159 commodissimum
1734 2119 1860 2159 esse
1889 2099 2103 2173 statuit,
2133 2119 2343 2159 omnes
2384 2118 2566 2159 naves

564 2192 812 2253 subduci
838 2203 898 2252 et
926 2212 1061 2251 cum
1091 2193 1287 2251 castris
1316 2211 1432 2251 una
1459 2193 1782 2252 munitione
1811 2193 2104 2269 coniungi.
2177 2194 2248 2251 In
2277 2192 2365 2250 his
2392 2192 2568 2251 rebus

476 2308 539 2347 20
562 2284 791 2343 circiter
816 2284 942 2343 dies
970 2300 1011 2342 x
1040 2284 1349 2355 consumit,
1379 2302 1456 2343 ne
1485 2284 1780 2342 nocturnis
1819 2284 2059 2358 quidem
2097 2283 2461 2359 temporibus
2487 2282 2568 2341 ad

563 2377 821 2435 laborem
871 2376 1116 2435 militum
1166 2376 1521 2435 intermissis.
1607 2373 1920 2436 Subductis
1961 2375 2205 2434 navibus
2247 2375 2566 2450 castrisque

563 2468 793 2545 egregie
832 2467 1067 2526 munitis
1109 2467 1348 2527 easdem
1390 2469 1608 2544 copiaS,
1637 2485 1782 2543 quas
1811 2476 1964 2537 ante,
1993 2465 2282 2542 praesidio
2320 2468 2566 2526 navibus

560 2559 808 2635 reliquit,
850 2560 976 2635 ipse
1019 2558 1251 2632 eodem,
1294 2559 1454 2618 unde
1496 2557 1762 2630 redierat,
1801 2557 2202 2633 proficiscitur.
2289 2558 2382 2616 Eo
2426 2577 2565 2617 cum

560 2652 831 2724 venisset,
860 2652 1108 2709 maiores
1148 2651 1264 2709 iam
1306 2650 1568 2727 undique
1612 2650 1670 2708 in
1700 2668 1834 2708 eum
1862 2650 2062 2708 locum
2102 2649 2309 2724 copiae
2340 2650 2563 2707 Britan-

478 2770 503 2805 2
511 2769 536 2821 5
561 2760 771 2800 norum
827 2751 1221 2800 convenerant
1268 2760 1496 2800 summa
1542 2740 1767 2816 imperii
1818 2740 2070 2815 bellique
2121 2738 2565 2798 administrandi

563 2833 863 2892 communi
927 2833 1170 2892 consilio
1226 2833 1506 2909 permissa
1561 2832 2035 2903 Cassivellaun03
2106 2829 2271 2888 cuius
2327 2830 2475 2889 fines
2531 2850 2566 2889 a

562 2924 863 2983 maritimis
891 2924 1217 2983 civitatibus
1247 2924 1464 2981 flumen
1494 2923 1716 2994 dividit,
1741 2921 1903 2997 quod
1932 2921 2254 2997 appellatur
2279 2921 2562 2993 TamesiS,

562 3034 597 3073 a
624 3015 768 3073 mari
798 3015 1023 3073 circiter
1051 3015 1206 3073 milia
1231 3033 1507 3090 passuum
1529 3030 1708 3072 Lxxx.
1781 3014 1943 3071 Huic
1971 3012 2268 3087 superiore
2297 3021 2562 3087 tempore

562 3125 698 3165 curn
727 3105 959 3181 reliquis
988 3105 1310 3164 civitatibus
1340 3105 1700 3163 continentia
1739 3104 1892 3163 bella
1932 3104 2413 3176 intercesserant3
2457 3102 2563 3161 sed

476 3229 535 3280 30
561 3206 763 3255 nostro
804 3195 1057 3255 adventu
1102 3197 1350 3273 permoti
1395 3196 1654 3254 Britanni
1692 3195 1849 3253 hunc
1878 3195 1985 3253 toti
2013 3195 2167 3253 bello
2197 3193 2559 3270 imperioque

560 3287 973 3363 praefecerant.

1124 3436 1358 3490 Britain
1385 3434 1510 3488 and
1527 3435 1601 3489 its
1627 3434 1992 3489 inhabitants.

642 3584 782 3641 XII.
828 3584 1155 3642 Britanniae
1197 3601 1329 3657 pars
1369 3583 1606 3641 interior
1645 3584 1720 3641 ab
1759 3583 1826 3641 iis
1869 3582 2154 3655 incolitur,
2197 3602 2349 3658 quos
2390 3593 2556 3643 natos

564 3674 625 3729 in
653 3673 837 3729 insula
864 3674 973 3746 ipsi
1002 3674 1283 3729 memoria
1319 3673 1612 3747 proditum
1643 3674 1864 3745 dicunt,
1895 3674 2181 3732 maritima
2208 3693 2340 3750 pars
2373 3676 2446 3734 ab
2472 3675 2553 3747 iis,

568 3760 668 3835 qui
696 3760 946 3834 praedae
976 3779 1045 3819 ac
1072 3762 1206 3820 belli
1236 3761 1519 3820 inferendi
1549 3771 1722 3821 causa
1745 3782 1818 3822 ex
1841 3765 2041 3841 Belgio
2069 3766 2414 3824 transierant
2437 3766 2552 3842 (qui
