2796 4207
494 228 617 295 180
1128 250 1238 304 m:
1290 225 1548 305 BELLo
1599 251 1946 306 GALLlco

579 418 753 483 atque
804 411 1077 469 usitatum
1126 422 1229 471 est.
1312 414 1532 472 Totum
1580 423 1780 472 autem
1825 430 2053 471 murum
2097 430 2171 471 ex
2213 412 2376 471 omni
2421 422 2586 490 parte

578 501 824 560 turribus
868 504 1379 562 contabulaverant
1419 513 1596 580 atque
1638 504 1742 563 has
1785 504 1956 561 coriis
2005 504 2348 562 intexerant.
2429 506 2586 563 Tum

578 592 795 651 crebris
842 593 1062 653 diurnis
1106 595 1518 670 nocturnisque
1571 596 1970 671 eruptionibus
2011 605 2110 654 aut
2152 596 2349 671 aggeri
2391 596 2586 671 ignem

578 684 903 743 inferebant
948 694 1051 744 aut
1099 686 1309 744 milites
1356 695 1682 761 occupatos
1729 686 1791 744 in
1841 702 2020 761 opere
2067 685 2481 745 adoriebantur
2531 698 2594 745 et

525 790 553 845 3
578 784 902 834 nostrarum
932 778 1170 835 turrium
1200 776 1582 849 altitudinem,
1605 787 1889 854 quantum
1921 777 2024 835 has
2055 777 2385 836 cotidianus
2413 797 2593 854 agger

579 877 955 942 expresserat,
986 868 1310 927 commissis
1348 886 1582 927 suarum
1621 869 1862 928 turrium
1901 870 2066 927 malis
2095 869 2503 944 adaequabant
2533 880 2596 928 et

578 968 810 1033 apertos
838 959 1139 1017 cuniculos
1167 969 1439 1035 praeusta
1463 968 1524 1018 et
1548 969 1863 1034 praeacuta
1889 960 2132 1018 materia
2161 969 2220 1018 et
2247 960 2382 1035 pice
2406 960 2594 1017 ferve-

578 1048 732 1106 facta
754 1126 759 1132 ι
780 1058 840 1107 et
892 1050 1131 1108 maximi
1183 1048 1463 1125 ponderis
1518 1051 1669 1109 saxis
1724 1051 2101 1110 morabantur
2153 1050 2595 1126 moenibusque

578 1140 1045 1215 appropinquare
1078 1140 1487 1216 prohibebant.

494 1256 554 1293 ιο
656 1231 889 1289 ΧΧΙΙΙ.
934 1232 1091 1289 Muri
1133 1242 1330 1289 autem
1379 1249 1586 1291 omnes
1629 1231 1838 1291 Gallici
1880 1231 1991 1289 hae
2033 1232 2150 1290 fere
2195 1232 2381 1289 forma
2429 1241 2590 1290 sunt.

576 1321 796 1381 Trabes
818 1321 1073 1381 directae
1101 1331 1421 1399 perpetuae
1449 1324 1511 1381 in
1538 1322 1963 1399 longitudinem
1993 1323 2224 1398 paribus
2256 1322 2592 1393 intervallis,

578 1411 859 1472 distantes
900 1413 1048 1472 inter
1086 1432 1147 1471 se
1177 1414 1347 1472 binos
1377 1412 1582 1489 pedeS‚
1613 1415 1672 1471 in
1701 1414 1828 1473 solo
1863 1414 2239 1472 collocantur.
2325 1414 2462 1471 Hae
2493 1432 2592 1481 re-

576 1504 908 1563 vinciuntur
946 1504 1225 1564 introrsus
1266 1514 1326 1562 et
1367 1504 1550 1563 multo
1593 1521 1802 1581 aggere
1843 1505 2199 1577 vestiuntu13
2246 1521 2319 1561 ea
2361 1514 2589 1575 autem,

578 1611 729 1669 quae
758 1594 1027 1666 diximuS,
1051 1595 1343 1653 intervalla
1369 1594 1685 1670 grandibus
1713 1596 1773 1653 in
1794 1595 1983 1654 fronte
2011 1595 2160 1653 saxis
2191 1593 2588 1653 effarciuntur.

495 1704 514 1741 1
525 1704 552 1756 5
580 1686 695 1745 His
722 1686 1019 1745 collocatis
1048 1695 1107 1744 et
1135 1687 1556 1761 coagmentatis
1590 1686 1732 1745 alius
1771 1687 2008 1762 insuper
2046 1685 2196 1745 ordo
2239 1684 2490 1757 additur,
2525 1696 2594 1744 ut

578 1775 736 1835 idem
784 1775 926 1835 illud
974 1776 1333 1835 intervallum
1383 1787 1642 1835 servetur
1689 1795 1882 1853 neque
1933 1777 2081 1836 inter
2125 1794 2187 1835 se
2238 1777 2593 1853 contingant

578 1869 786 1941 trabeS,
814 1867 923 1929 sed
962 1870 1195 1945 paribus
1236 1868 1594 1929 intermissae
1637 1869 1836 1945 spatiis
1873 1868 2132 1944 singulae
2168 1868 2403 1943 singulis
2435 1870 2594 1927 saxis

578 1960 890 2020 interiectis
932 1970 1052 2019 arte
1094 1961 1520 2020 contineantur.
1602 1960 1698 2019 Sic
1727 1958 2008 2035 deinceps
2036 1975 2214 2017 omne
2249 1976 2399 2035 opus
2439 1976 2589 2017 con-

578 2051 804 2126 texitur,
854 2050 997 2111 dum
1044 2051 1193 2112 iusta
1240 2052 1389 2111 muri
1437 2050 1685 2110 altitudo
1739 2049 2055 2128 expleatur.
2142 2050 2284 2108 Hoc
2333 2068 2472 2109 cum
2527 2052 2590 2110 in

492 2165 553 2204 20
578 2143 837 2220 speciem
862 2144 1317 2220 varietatemque
1360 2161 1510 2220 opus
1553 2141 1816 2202 deforme
1858 2159 1980 2201 non
2018 2150 2108 2200 est
2140 2142 2371 2200 alternis
2409 2143 2593 2201 trabi-

578 2236 687 2294 bus
714 2253 787 2292 ac
814 2236 984 2308 saxis,
1014 2253 1165 2310 quae
1206 2234 1380 2294 rectis
1423 2234 1588 2292 lineis
1630 2251 1766 2292 suos
1801 2231 2038 2292 ordines
2071 2242 2320 2305 servant,
2350 2241 2477 2291 tum
2509 2233 2592 2292 ad

578 2326 883 2386 utilitatem
911 2336 972 2385 et
998 2326 1403 2385 defensionem
1447 2325 1676 2385 urbium
1713 2341 2004 2382 summam
2032 2323 2209 2382 habet
2237 2324 2589 2400 opportuni-

578 2427 776 2492 tatem,
800 2417 964 2494 quod
986 2428 1046 2477 et
1065 2419 1140 2476 ab
1160 2415 1438 2476 incendio
1467 2417 1612 2492 lapis
1641 2425 1700 2473 et
1721 2416 1795 2474 ab
1823 2416 1998 2474 ariete
2028 2415 2270 2473 materia
2295 2414 2585 2487 defendit,

578 2527 729 2584 quae
777 2509 1073 2586 perpetuis
1120 2508 1379 2568 trabibus
1419 2506 1606 2583 pedes
1651 2505 2056 2582 quadragenos
2104 2505 2450 2580 plerumque
2493 2505 2584 2564 in-

492 2614 553 2669 25
577 2610 793 2660 trorsus
819 2601 1079 2660 revincta
1104 2616 1301 2676 neque
1328 2597 1627 2674 perrumpi
1653 2614 1848 2673 neque
1878 2595 2116 2654 distrahi
2143 2604 2358 2672 potest.

658 2693 873 2752 XXIV.
919 2692 1033 2751 His
1061 2701 1149 2750 tot
1176 2691 1347 2749 rebus
1376 2687 1662 2764 impedita
1695 2687 2154 2763 oppugnatione,
2184 2687 2414 2758 milites,
2445 2705 2588 2745 curn

578 2793 704 2843 toto
733 2793 999 2860 tempore
1027 2783 1236 2858 frigore
1272 2790 1331 2839 et
1368 2778 1614 2838 assiduis
1656 2777 1934 2836 imbribus
1975 2775 2354 2848 tardarentur,
2383 2785 2590 2836 tamen

579 2875 901 2935 continenti
950 2875 1147 2933 labore
1188 2871 1389 2930 omnia
1437 2869 1586 2929 haee
1630 2877 2046 2944 superaverunt
2095 2876 2156 2925 et
2204 2866 2414 2926 diebus
2459 2885 2588 2926 xxv

578 2984 849 3042 aggerem
876 2965 1055 3024 latum
1073 2962 1259 3040 pedes
1286 2977 1545 3032 cccxxx,
1563 2960 1743 3018 altum
1772 2957 1958 3034 pedes
1979 2974 2142 3016 Lxxx
2163 2967 2590 3016 exstruxerunt.

492 3085 555 3136 30
580 3059 735 3118 Cum
763 3059 810 3117 is
838 3076 1066 3116 murum
1096 3056 1349 3114 hostium
1379 3071 1570 3129 paene
1605 3051 1971 3126 contingeret
1997 3059 2057 3108 et
2085 3049 2302 3109 Caesar
2329 3049 2407 3107 ad
2435 3067 2587 3124 opus

579 3147 1005 3208 consuetudine
1022 3148 1339 3206 excubaret
1358 3145 1685 3219 militesque
1705 3143 2043 3212 hortaretur,
2061 3157 2136 3198 ne
2155 3138 2320 3214 quod
2338 3141 2584 3200 omnino

579 3251 811 3317 tempus
839 3241 914 3298 ab
947 3256 1125 3315 opere
1163 3237 1651 3308 intermitteretur,
1681 3234 1856 3310 paulo
1896 3241 2032 3291 ante
2075 3231 2303 3290 tertiam
2330 3231 2584 3308 vigiliam

580 3341 669 3392 est
716 3330 1202 3401 animadversum,
1246 3329 1465 3386 fumare
1507 3343 1796 3402 aggerem,
1841 3342 2019 3400 quem
2059 3322 2336 3382 cuniculo
2384 3322 2584 3382 hostes

580 3422 1024 3494 succenderant,
1055 3420 1386 3494 eodemque
1421 3428 1686 3494 tempore
1715 3425 1841 3475 toto
1869 3433 2036 3474 muro
2066 3414 2324 3473 clamore
2354 3413 2582 3474 sublato

492 3530 555 3584 35
580 3515 809 3576 duabus
836 3513 1018 3590 portis
1045 3513 1121 3571 ab
1148 3521 1395 3586 utroque
1434 3510 1610 3568 latere
1646 3507 1884 3566 turrium
1927 3506 2156 3582 eruptio
2191 3505 2388 3565 fiebat.
2473 3506 2584 3564 Alii

579 3605 739 3664 faces
780 3614 955 3680 atque
1001 3602 1220 3662 aridam
1264 3601 1566 3660 materiem
1610 3598 1686 3657 de
1729 3615 1895 3656 muro
1937 3598 1998 3655 in
2037 3613 2312 3672 aggerem
2355 3597 2582 3655 eminus

580 3695 891 3766 iaciebant,
941 3695 1035 3752 alii
1081 3693 1277 3768 picem
1320 3691 1686 3766 reliquasque
1734 3706 1843 3759 reS,
1891 3688 2102 3763 quibus
2151 3687 2301 3763 ignis
2347 3687 2582 3746 excitari

582 3793 797 3860 potest,
847 3783 1187 3854 fundebant,
1239 3791 1321 3851 ut,
1370 3799 1491 3856 quo
1540 3781 1790 3855 primum
1839 3787 2162 3836 curreretur
2207 3786 2310 3835 aut
2359 3779 2456 3836 cui
2502 3778 2582 3837 rei
