2796 4207
458 217 587 283 136
1108 232 1220 288 DE
1272 232 1528 286 BELLO
1580 230 1927 286 GALLICO

543 394 772 466 bantur,
800 402 999 452 tamen
1026 410 1149 451 non
1182 389 1550 468 neglegenda
1583 387 2006 457 existimabant,
2039 385 2412 459 maximeque
2443 384 2556 443 hac

543 503 605 544 re
633 484 1138 560 permovebantur,
1169 480 1334 557 quod
1374 480 1666 538 civitatem
1710 477 2026 553 ignobilem
2055 485 2230 551 atque
2274 475 2558 533 humilem

544 576 888 637 Eburonum
916 592 1020 632 sua
1060 582 1269 648 sponte
1307 570 1532 647 populo
1562 571 1835 627 Romano
1877 566 2093 625 bellurn
2120 566 2310 623 facere
2352 584 2558 624 ausam

540 667 638 725 vix
684 676 806 725 erat
855 662 1237 723 credendum.
1349 662 1557 736 Itaque
1607 658 1684 717 ad
1733 658 2041 717 consilium
2090 674 2215 715 rem
2267 655 2556 729 deferunt,

487 772 514 825 5
543 774 871 833 magnaque
911 755 1061 813 inter
1087 771 1192 811 eos
1234 751 1454 811 exsistit
1481 749 1892 809 controversia.
1993 748 2209 805 Lucius
2250 749 2558 805 Auruncu-

541 850 686 909 leius
734 847 1180 922 compluresque
1230 843 1443 902 tribuni
1499 842 1746 900 militum
1795 849 1854 899 et
1910 839 2227 915 primorum
2279 836 2555 895 ordinum

542 940 912 998 centuriones
940 937 1082 995 nihil
1123 945 1341 993 temere
1384 932 1678 1008 agendum
1714 948 1910 1006 neque
1939 947 2013 988 ex
2054 928 2308 987 hibernis
2337 928 2560 987 iniussu

544 1030 807 1090 Caesaris
836 1025 1262 1088 discedendum
1288 1024 1732 1095 existimabant3
1776 1020 2109 1097 quantasvis
2139 1019 2342 1094 copias
2381 1020 2562 1077 etiam

542 1122 969 1181 Germanorum
999 1118 1262 1176 sustineri
1297 1132 1472 1190 posse
1503 1113 1738 1171 munitis
1767 1111 2020 1171 hibernis
2050 1110 2381 1168 docebant:
2428 1128 2557 1167 rem

458 1235 516 1271 ιο
542 1230 668 1271 esse
698 1210 1050 1281 testimoni0,
1080 1207 1245 1285 quod
1281 1207 1535 1283 primum
1565 1204 1820 1263 hostium
1859 1203 2145 1278 impetum
2183 1200 2377 1259 multis
2407 1200 2562 1258 ultro

540 1302 871 1361 vulneribus
910 1300 1076 1358 illatis
1114 1299 1420 1357 fortissime
1459 1296 1872 1367 sustinuerint3
1918 1311 1980 1351 re
2026 1291 2400 1350 frumentaria
2433 1310 2560 1350 non

542 1394 727 1469 premi
749 1413 766 1464 3
810 1392 1030 1449 interea
1057 1399 1115 1447 et
1143 1408 1217 1448 ex
1258 1388 1536 1465 proximis
1571 1386 1824 1444 hibernis
1855 1394 1914 1442 et
1941 1402 1976 1440 a
2005 1384 2255 1443 Caesare
2296 1400 2558 1441 conven-

542 1495 670 1543 tura
710 1480 1004 1554 subsidia3
1047 1491 1345 1555 postremo
1386 1479 1531 1555 quid
1571 1495 1698 1537 esse
1741 1476 1922 1534 levius
1962 1483 2064 1532 aut
2106 1473 2345 1549 turpiuS,
2377 1492 2560 1549 quam

542 1583 781 1633 auctore
810 1572 977 1630 hoste
1006 1570 1082 1629 de
1112 1571 1349 1629 summis
1376 1571 1550 1630 rebus
1579 1585 1790 1644 capere
1820 1566 2172 1625 consilium?

463 1680 519 1734 15
624 1664 841 1722 XXIX.
886 1662 1106 1721 Contra
1154 1680 1225 1719 ea
1271 1662 1528 1720 Titurius
1569 1678 1700 1719 sero
1743 1659 1993 1717 facturos
2037 1656 2386 1729 clamitabat,
2423 1674 2565 1714 cum

546 1756 793 1815 maiores
847 1771 1052 1811 manus
1108 1752 1362 1811 hostium
1417 1750 1706 1809 adiunctis
1755 1749 2064 1810 Germanis
2120 1748 2555 1820 convenissent,

546 1856 645 1905 aut
693 1864 829 1904 cum
870 1842 1089 1919 aliquid
1133 1843 1473 1902 calamitatis
1524 1843 1583 1900 in
1631 1842 1908 1917 proximis
1960 1840 2213 1899 hibernis
2263 1849 2420 1899 esset
2461 1858 2562 1897 ac-

550 1945 802 2013 ceptum.
888 1936 1134 1993 Brevem
1189 1932 1534 1994 consulendi
1582 1951 1710 1992 esse
1766 1933 2159 1992 occasionem.
2245 1933 2566 1992 Caesarem

547 2027 802 2086 arbitrari
844 2026 1170 2101 profectum
1198 2026 1259 2083 in
1301 2025 1568 2098 Italiam;
1610 2042 1804 2101 neque
1847 2024 2010 2084 aliter
2052 2026 2338 2085 Carnutes
2380 2024 2562 2082 inter-

460 2151 521 2186 20
548 2117 786 2177 ficiendi
810 2118 1069 2192 Tasgetii
1110 2117 1418 2175 consilium
1459 2116 1631 2175 fuisse
1674 2126 1966 2192 capturos,
1996 2135 2192 2192 neque
2231 2118 2563 2189 Eburone8‚

548 2211 596 2269 si
637 2210 728 2266 ille
771 2207 1018 2280 adesset,
1041 2217 1201 2265 tanta
1242 2208 1684 2283 contemptione
1726 2209 1908 2266 nostri
1951 2207 2029 2266 ad
2071 2218 2259 2267 castra
2285 2217 2568 2267 venturos

548 2318 693 2359 esse.
779 2299 921 2357 Non
970 2299 1198 2356 hostem
1251 2307 1572 2372 auctorem,
1623 2297 1730 2358 sed
1783 2317 1908 2358 rem
1959 2309 2263 2374 spectare:
2324 2299 2570 2358 subesse

550 2390 865 2462 Rhenum3
908 2406 1123 2464 magno
1165 2406 1293 2447 esse
1337 2390 1644 2448 Germanis
1685 2389 1874 2448 dolori
1917 2390 2186 2448 Ariovisti
2226 2399 2478 2448 mortem
2508 2399 2573 2446 et

550 2481 873 2557 superiores
914 2489 1137 2538 nostras
1176 2480 1484 2553 victorias3
1529 2480 1732 2540 ardere
1774 2481 2024 2541 Galliam
2066 2489 2153 2539 tot
2194 2480 2573 2539 contumeliis

461 2599 489 2634 2
496 2598 522 2650 5
551 2572 806 2647 acceptis
848 2572 956 2630 sub
1000 2571 1205 2646 populi
1247 2570 1506 2629 Romani
1554 2571 1862 2647 imperium
1902 2570 2222 2642 redactam,
2268 2571 2572 2646 superiore

551 2663 733 2740 glorIa
758 2662 842 2720 rei
880 2662 1135 2720 militaris
1163 2662 1466 2720 exstincta.
1555 2665 1860 2721 Postremo
1890 2662 2018 2736 quis
2049 2662 2164 2720 hoc
2193 2662 2302 2720 sibi
2330 2680 2572 2737 persua-

553 2753 735 2822 deret,
766 2754 889 2812 sine
933 2762 1093 2810 certa
1128 2771 1191 2811 re
1232 2753 1630 2829 Ambiorigem
1661 2752 1740 2810 ad
1782 2751 2072 2811 eiusmodi
2115 2752 2422 2810 consilium
2464 2750 2572 2809 de-

553 2843 848 2903 scendisse
864 2845 891 2901 ?
1017 2844 1191 2902 Suam
1248 2844 1596 2902 sententiam
1660 2844 1720 2901 in
1774 2851 2080 2918 utramque
2136 2851 2364 2918 partem
2441 2859 2574 2900 esse

555 2945 776 2993 tutam:
834 2934 883 2992 si
923 2933 1065 2992 nihil
1106 2943 1259 2992 esset
1303 2933 1520 3006 durius,
1564 2934 1722 2991 nullo
1773 2951 1908 2990 curn
1953 2933 2212 3009 periculo
2255 2931 2334 2990 ad
2377 2932 2575 3007 proxi-

464 3058 527 3107 30
556 3045 713 3085 mam
753 3025 1044 3102 legionem
1086 3035 1468 3100 perventuros
1484 3047 1501 3099 ;
1545 3025 1593 3083 si
1635 3025 1824 3085 Gallia
1864 3025 2055 3083 omnis
2094 3043 2230 3081 cum
2260 3023 2576 3083 Germanis

555 3117 927 3188 consentiret,
958 3135 1136 3174 unam
1166 3135 1292 3176 esse
1320 3117 1383 3174 in
1412 3116 1701 3174 celeritate
1731 3115 1983 3190 positam
2011 3115 2273 3173 salutern.
2361 3114 2577 3172 Cottae

555 3207 798 3283 quidem
838 3216 1014 3282 atque
1059 3227 1281 3281 eorum,
1322 3208 1424 3282 qui
1465 3206 1853 3278 dissentirent,
1897 3207 2205 3265 consilium
2246 3223 2425 3281 quem
2469 3204 2572 3262 hass

554 3299 692 3357 bere
741 3299 960 3357 exitum
976 3301 1005 3357 Ρ
1057 3300 1118 3358 in
1160 3317 1280 3374 quo
1336 3300 1384 3358 si
1432 3317 1555 3357 non
1603 3316 1878 3373 praesens
1927 3297 2268 3372 periculum,
2311 3305 2372 3354 at
2411 3304 2574 3354 certe

552 3387 873 3465 longinqua
914 3389 1221 3449 obsidione
1263 3390 1446 3448 fames
1488 3398 1641 3447 esset
1681 3387 1957 3446 timenda.

464 3487 527 3541 35
632 3482 814 3540 XXX.
864 3483 1000 3540 Hac
1042 3482 1103 3538 in
1144 3490 1449 3555 utramque
1491 3489 1717 3555 partem
1746 3478 2142 3554 disputatione
2186 3477 2401 3549 habita,
2432 3496 2574 3536 cum

552 3589 589 3628 a
616 3572 791 3631 Cotta
820 3573 1135 3650 primisque
1174 3570 1474 3629 ordinibus
1507 3570 1713 3628 acriter
1740 3571 2112 3641 resisteretur,
2145 3569 2451 3639 ‘Vincite,’
2481 3569 2570 3626 in-

552 3662 695 3736 quit,
741 3667 757 3694 ‘
779 3665 827 3722 si
870 3663 952 3720 ita
977 3661 1184 3732 vultiS,'
1236 3660 1500 3732 Sabinus,
1551 3669 1610 3719 et
1651 3658 1712 3717 id
1758 3660 1997 3718 clariore
2038 3677 2206 3731 voce,
2249 3668 2314 3717 ut
2356 3677 2572 3735 magna

498 3783 507 3790 ·
550 3768 683 3825 pars
728 3754 971 3811 militurn
1016 3749 1354 3822 exaudiret;
1415 3753 1430 3780 ‘
1449 3767 1642 3824 neque
1693 3750 1740 3807 is
1786 3749 1952 3820 sum,'
1996 3750 2199 3825 inquit,
2255 3752 2271 3779 ‘
2291 3749 2395 3824 qui
2441 3767 2568 3824 gra-
