2796 4207
758 264 900 316 LlB.
942 263 1079 315 vu.
1122 262 1289 316 CAP.
1334 263 1775 319 LXVII-Lxx.
2185 253 2308 317 201

286 428 562 489 LXVIII.
610 426 833 501 Fugato
875 424 1039 484 omni
1081 425 1361 500 equitatu,
1405 427 1852 504 Vercingetorix
1895 433 2114 509 copias,
2159 446 2224 493 ut

189 539 307 597 pro
350 519 550 578 castris
593 516 995 588 collocaverat,
1040 515 1271 575 reduxit
1320 519 1701 595 protinusque
1744 521 2015 595 Alesiam,
2060 526 2222 600 quod

190 623 288 670 est
336 608 624 686 oppidum
674 605 1150 679 Mandubiorum,
1197 607 1306 666 iter
1352 608 1544 667 facere
1595 613 1794 688 coepit
1842 614 2222 693 celeriterque

187 700 620 778 impedimenta
662 716 735 757 ex
775 698 975 757 castris
1008 697 1182 757 educi
1223 708 1285 759 et
1324 719 1387 759 se
1430 703 1705 779 subsequi
1747 706 1923 765 iussit.
2008 706 2226 768 Caesar

185 791 632 869 impedimentis
653 790 713 847 in
741 790 1074 865 proximum
1096 791 1307 850 collem
1330 791 1619 869 deductis,
1644 795 1870 856 duabus
1898 797 2222 874 legionibus
2252 810 2282 863 5

184 881 487 959 praesidio
530 881 741 939 relictis
783 891 1036 953 secutuS,
1076 893 1360 958 quantum
1405 884 1520 943 diei
1564 897 1794 963 tempus
1837 899 1925 947 est
1966 908 2222 966 passum,

184 975 425 1033 circiter
450 974 631 1033 tribus
671 974 902 1033 milibus
937 974 1192 1034 hostium
1220 994 1293 1034 ex
1333 977 1652 1037 novissimo
1680 981 1912 1056 agmine
1955 981 2220 1041 interfec-

186 1068 265 1124 tis
309 1066 489 1124 altero
532 1064 627 1123 die
670 1064 746 1123 ad
792 1065 1043 1124 Alesiam
1084 1077 1271 1126 castra
1312 1069 1468 1127 fecit.
1555 1071 1870 1147 Perspecto
1912 1073 2070 1131 urbis
2111 1074 2223 1132 situ

183 1156 623 1233 perterritisque
680 1155 962 1231 hostibuS,
1020 1157 1183 1233 quod
1240 1159 1519 1234 equitatu,
1578 1179 1694 1236 qua
1750 1163 2001 1221 maxime
2059 1174 2221 1240 parte

184 1248 480 1307 exercitus
537 1246 932 1320 confidebant,
991 1259 1154 1307 erant
1213 1249 1380 1325 pulsi,
1439 1250 1777 1311 adhortatus
1831 1252 1910 1312 ad
1963 1254 2222 1314 laborem
2255 1286 2312 1319 10

183 1339 405 1397 milites
446 1338 874 1397 circumvallare
920 1340 1177 1399 instituit.

228 1516 447 1570 Caesar
466 1516 697 1586 besieges
724 1517 775 1569 A
786 1516 923 1569 lesia
949 1515 1093 1569 with
1127 1523 1241 1569 two
1266 1517 1412 1571 lines
1434 1520 1508 1587 of
1529 1518 1736 1582 works‚
1758 1521 2077 1591 protecting
2095 1520 2189 1574 his

208 1616 215 1622 ·
906 1614 1070 1667 army
1095 1614 1165 1651 on
1191 1597 1315 1651 both
1341 1598 1506 1651 sides.

276 1723 490 1781 LXIX.
537 1722 740 1797 Ipsum
777 1729 899 1779 erat
939 1719 1228 1796 oppidum
1256 1721 1450 1779 Alesia
1476 1721 1536 1780 in
1566 1722 1714 1780 colle
1758 1740 1988 1782 summo
2019 1724 2220 1783 admo-

188 1814 339 1873 dum
369 1812 531 1871 edito
571 1812 725 1884 loce,
756 1821 819 1869 ut
858 1811 969 1870 nisi
999 1810 1306 1871 obsidione
1336 1813 1654 1888 expugnari
1699 1831 1820 1872 non
1863 1832 2034 1889 posse
2062 1815 2221 1874 vide-

186 1916 353 1965 retur
371 1926 389 1978 ,·
447 1904 613 1962 cuius
656 1903 816 1961 collis
864 1900 1092 1962 radices
1135 1902 1255 1961 duo
1300 1902 1526 1961 duabus
1569 1922 1641 1961 ex
1690 1904 1946 1979 partibus
1989 1906 2224 1965 flumina

190 1996 558 2056 subluebant.
645 1997 798 2053 Ante
842 1994 904 2053 id
960 1994 1246 2070 oppidum
1296 1994 1565 2069 planities
1615 1996 1842 2054 circiter
1889 1997 2044 2054 milia
2093 2016 2222 2073 pas·
2257 2032 2312 2081 15

190 2107 369 2149 suurn
425 2087 532 2146 tria
586 2087 646 2144 in
709 2085 1135 2164 longitudinem
1192 2086 1467 2162 patebat3
1537 2085 1768 2162 reliquis
1827 2107 1899 2146 ex
1953 2090 2223 2148 omnibus

188 2180 456 2257 partibus
524 2178 704 2237 colles
761 2177 1046 2236 mediocri
1115 2178 1422 2236 interiecto
1478 2177 1666 2252 spatio
1730 2179 1854 2253 pari
1910 2180 2223 2238 altitudinis

190 2271 426 2348 fastigio
467 2269 754 2346 oppidum
799 2269 1127 2345 cingebant.
1213 2268 1332 2328 Sub
1374 2286 1562 2340 mur0,
1592 2287 1743 2344 quae
1773 2287 1905 2346 pars
1943 2273 2104 2330 collis
2146 2272 2222 2330 ad

190 2364 486 2423 orientem
528 2362 712 2420 solem
754 2360 1073 2436 spectabat,
1104 2360 1261 2420 hunc
1291 2377 1533 2418 omnem
1575 2351 1792 2420 locum‘
1824 2363 2032 2438 copiae
2085 2364 2221 2422 Gal-

190 2459 388 2515 lorum
437 2452 871 2529 compleverant
911 2452 1245 2528 fossamque
1292 2462 1351 2510 et
1408 2453 1719 2511 maceriam
1778 2471 1880 2511 sex
1935 2454 1994 2511 in
2036 2454 2220 2513 altitu-
2253 2479 2313 2513 20

194 2547 403 2605 dinem
464 2543 685 2619 pedum
753 2541 1198 2619 praeduxerant.
1311 2543 1454 2601 Eius
1520 2543 1874 2616 munitioniS,
1932 2563 2082 2620 quae
2150 2547 2223 2604 ab

194 2637 486 2697 Romanis
535 2634 954 2706 instituebatur,
1004 2634 1277 2693 circuitus
1331 2651 1395 2692 xl
1444 2635 1601 2692 milia
1646 2652 1922 2710 passuum
1967 2637 2219 2694 tenebat.

196 2734 407 2792 Castra
433 2728 776 2806 opportunis
809 2728 952 2787 locis
994 2738 1157 2787 erant
1186 2728 1378 2804 posita
1405 2728 1602 2804 ibique
1631 2728 1867 2787 castella
1887 2729 2088 2804 viginti
2117 2730 2224 2788 tria

195 2825 370 2894 facta,
422 2822 632 2897 quibus
682 2821 742 2878 in
791 2819 1037 2878 castellis
1087 2818 1337 2878 interdiu
1388 2819 1668 2878 stationes
1716 2821 2103 2896 ponebantur,
2145 2839 2222 2879 ne

197 2934 320 2992 qua
360 2914 553 2972 subito
596 2911 826 2988 eruptio
867 2910 1071 2986 fieret,
1115 2910 1261 2969 haec
1306 2907 1516 2969 eadem
1559 2920 1739 2969 noctu
1784 2911 2222 2970 excubitoribus
2250 2935 2312 2987 25

196 3026 270 3065 ac
300 3006 480 3064 firmis
508 3002 811 3081 praesidiis
839 3002 1205 3063 tenebantur.

283 3098 464 3156 LXX.
509 3095 707 3172 Opere
750 3094 1012 3153 instituto
1039 3093 1104 3152 fit
1143 3102 1410 3168 equestre
1454 3092 1738 3168 proelium
1773 3093 1834 3151 in
1863 3111 1935 3151 ea
1962 3093 2219 3169 planitie,

197 3207 381 3266 quam
410 3187 792 3246 intermissam
815 3185 1059 3244 collibus
1087 3185 1193 3243 tria
1214 3183 1370 3242 milia
1397 3202 1672 3258 passuum
1702 3184 1763 3242 in
1790 3183 2219 3259 longitudinem

196 3293 401 3360 patere
444 3298 617 3357 supra
658 3278 1198 3338 demonstravimus,
1284 3277 1522 3336 Summa
1561 3275 1619 3334 vi
1659 3275 1734 3334 ab
1779 3275 2033 3350 utrisque
2077 3293 2218 3333 con-

199 3372 477 3434 tenditur.
563 3371 985 3430 Laborantibus
1034 3369 1241 3428 nostris
1291 3367 1507 3426 Caesar
1555 3367 1882 3426 Germanos
1934 3366 2220 3426 submittit
2247 3397 2310 3448 30

197 3465 580 3541 legionesque
619 3481 727 3537 pro
768 3463 964 3522 castris
1003 3460 1319 3532 constituit,
1363 3477 1439 3517 ne
1482 3477 1598 3534 qua
1641 3458 1833 3516 subito
1876 3458 2116 3534 irruptio
2145 3457 2219 3516 ab

200 3555 461 3615 hostium
516 3551 778 3628 peditatu
834 3554 949 3612 fiat.
1054 3551 1350 3611 Praesidio
1397 3551 1694 3627 legionum
1751 3548 1954 3608 addito
2010 3549 2218 3607 nostris

200 3647 431 3705 animus
474 3653 752 3718 augetur3
796 3644 993 3704 hostes
1025 3645 1085 3702 in
1112 3645 1307 3720 fugam
1336 3644 1589 3702 coniecti
1619 3660 1680 3700 se
1711 3642 1818 3717 ipsi
1851 3638 2219 3699 multitudine

201 3734 542 3813 impediunt
590 3743 760 3811 atque
816 3737 1239 3812 angustioribus
1288 3737 1468 3813 portis
1518 3736 1725 3794 relictis
1784 3742 2215 3793 coacervantur.

203 3824 492 3888 Germani
522 3824 705 3884 acrius
740 3845 923 3902 usque
954 3826 1031 3886 ad
1074 3828 1425 3887 munitiones
1467 3837 1803 3904 sequuntur.
1888 3827 1982 3886 Fit
2009 3845 2218 3902 magna
2245 3843 2305 3896 35
