2796 4207
431 190 514 254 68
1067 208 1177 261 m:
1228 208 1482 262 BELLo
1535 208 1881 263 GALL1co

515 369 572 427 in
619 370 786 429 Italia
827 370 1014 429 servili
1061 370 1328 442 tumultu,
1371 388 1522 446 quos
1564 382 1761 430 tamen
1802 371 2021 447 aliquid
2062 390 2198 430 usus
2238 390 2310 429 ac
2351 371 2525 431 disci·

515 460 689 536 plina,
720 478 870 535 quae
913 480 950 519 a
990 462 1159 519 nobis
1200 463 1583 536 accepissent,
1620 462 2002 521 sublevarent.
2089 463 2179 520 Ex
2220 479 2340 536 quo
2374 464 2523 521 iudi-

515 552 632 608 cari
673 568 866 627 posse,
895 561 1178 626 quantum
1213 551 1451 610 haberet
1487 553 1547 610 in
1581 571 1643 611 se
1674 554 1813 611 boni
1841 554 2183 623 constantia,
2214 563 2524 628 propterea

513 642 695 717 quod,
740 660 890 716 quos
939 640 1298 717 aliquamdiu
1346 644 1602 701 inermos
1644 645 1769 701 sine
1812 662 1988 702 causa
2028 645 2371 716 timuissent,
2414 645 2523 703 hos

459 749 485 801 5
514 743 720 807 postea
759 743 1012 791 armatos
1053 751 1125 790 ac
1166 734 1415 791 victores
1456 743 1844 809 superassent.
1928 735 2201 809 Denique
2244 734 2351 793 hos
2394 753 2521 794 esse

513 824 776 896 eosdem,
834 824 1181 899 quibuscum
1247 841 1670 899 saepenumero
1732 825 1989 883 Helvetii
2046 826 2344 901 congressi
2399 844 2523 885 non

512 915 698 973 solum
727 916 786 973 in
814 916 949 989 suiS,
979 914 1084 975 sed
1115 914 1290 972 etiam
1320 914 1379 971 in
1408 915 1633 973 illorum
1661 916 1891 987 finibuS,
1917 917 2256 991 plerumque
2286 933 2519 992 supera-

509 1006 639 1076 rint,
687 1006 786 1081 qui
830 1016 1028 1065 tamen
1076 1022 1244 1081 pares
1289 1023 1417 1063 esse
1468 1017 1669 1065 nostro
1714 1007 1993 1065 exercitui
2036 1024 2158 1065 non
2204 1008 2518 1082 potuerint.

510 1096 566 1154 Si
610 1114 758 1171 quos
802 1095 1110 1155 adversum
1153 1096 1439 1171 proelium
1482 1106 1543 1153 et
1583 1097 1717 1173 fuga
1758 1098 2056 1157 Gallorum
2099 1109 2519 1169 commoveret,

426 1212 483 1247 10
509 1186 635 1257 hos,
665 1188 714 1245 si
741 1198 1103 1263 quaererent,
1127 1187 1377 1262 reperire
1410 1204 1601 1262 posse,
1626 1188 1999 1245 diuturnitate
2030 1187 2164 1246 belli
2193 1187 2521 1263 defetigatis

509 1277 706 1349 Gallis,
731 1279 1098 1349 Ariovistum,
1126 1296 1261 1335 cum
1292 1278 1506 1335 multos
1538 1296 1766 1336 menses
1795 1280 1993 1337 castris
2022 1296 2084 1337 se
2113 1296 2183 1336 ac
2211 1278 2521 1355 paludibus

507 1369 787 1427 tenuisset
826 1386 1019 1443 neque
1063 1370 1150 1427 sui
1192 1378 1544 1443 potestatem
1589 1369 1837 1439 fecisset,
1878 1367 2253 1443 desperantes
2290 1369 2406 1426 iam
2441 1369 2518 1427 de
2602 1392 2607 1395 ·

507 1477 706 1535 pugna
733 1469 793 1517 et
820 1458 1113 1534 dispersos
1151 1460 1341 1518 subito
1385 1458 1673 1529 adortum,
1710 1460 1894 1535 magis
1935 1459 2157 1517 ratione
2186 1468 2247 1517 et
2274 1460 2520 1518 consilio

506 1568 684 1625 quam
720 1550 927 1608 virtute
970 1550 1193 1609 vicisse.
1281 1550 1394 1609 Cui
1437 1551 1644 1607 rationi
1686 1560 1893 1608 contra
1933 1549 2201 1607 homines
2241 1548 2520 1609 barbaros

422 1656 480 1709 ¹5
505 1650 679 1716 atque
723 1642 1020 1717 imperitos
1062 1642 1224 1699 locus
1258 1641 1475 1713 fuisset,
1505 1641 1615 1699 hac
1654 1658 1729 1699 ne
1770 1641 1959 1715 ipsum
2000 1638 2241 1715 quidem
2284 1657 2517 1715 sperare

506 1741 732 1790 nostros
789 1732 1074 1790 exercitus
1131 1732 1262 1806 capi
1320 1749 1511 1806 posse.
1614 1730 1731 1806 Qui
1782 1748 1949 1789 suum
2007 1729 2275 1787 timorem
2324 1730 2385 1787 in
2432 1732 2519 1789 rei

505 1823 908 1881 frumentariae
958 1822 1386 1881 simulationem
1438 1822 1848 1897 angustiasque
1899 1819 2116 1877 itineris
2165 1820 2516 1893 conferrent,

504 1913 693 1971 facere
735 1923 1084 1989 arroganter,
1122 1932 1258 1970 cum
1301 1922 1400 1970 aut
1442 1912 1517 1971 de
1560 1912 1755 1971 officio
1797 1911 2160 1987 imperatoris
2202 1909 2515 1987 desperare

504 2013 602 2061 aut
629 2005 1018 2079 praescribere
1040 2003 1386 2061 viderentur.
1463 2005 1632 2062 Haec
1654 2003 1763 2062 sibi
1784 2020 1912 2061 esse
1941 2020 2133 2074 curae,
2158 2001 2511 2061 frumentum

419 2106 480 2141 ²0
504 2095 824 2170 Sequanos,
877 2096 1126 2166 LeuCOS,
1169 2095 1464 2171 Lingones
1507 2094 1955 2169 subministrare,
2000 2095 2235 2171 iamque
2279 2113 2407 2154 esse
2454 2094 2517 2152 in

503 2191 652 2264 agris
669 2191 958 2248 frumenta
986 2199 1209 2270 matura
1229 2210 1246 2261 3
1290 2188 1367 2246 de
1396 2189 1599 2247 itinere
1630 2189 1785 2264 ipsos
1814 2190 1972 2248 brevi
2001 2199 2265 2267 ternpore
2297 2189 2514 2268 iudica-

503 2291 678 2339 turos,
764 2280 944 2356 Quod
991 2299 1111 2339 non
1161 2281 1282 2338 fore
1333 2279 1497 2338 dicto
1548 2280 1853 2338 audientes
1898 2299 2091 2356 neque
2138 2282 2301 2357 signa
2346 2281 2512 2339 laturi

503 2371 784 2444 dicantur,
815 2373 954 2430 nihil
983 2390 1045 2430 se
1078 2390 1150 2429 ea
1185 2389 1247 2429 re
1285 2372 1678 2431 commoveri:
1726 2373 1871 2430 scire
1914 2373 2091 2442 enim,
2135 2373 2511 2447 quibuscum-

501 2484 616 2540 que
662 2467 946 2524 exercitus
991 2465 1152 2524 dicto
1202 2464 1447 2523 audiens
1495 2483 1617 2524 non
1663 2466 1849 2536 fuerit,
1898 2475 1999 2523 aut
2043 2466 2190 2524 male
2236 2485 2297 2524 re
2346 2475 2513 2542 gesta

413 2585 473 2636 25
500 2556 788 2615 fortunam
835 2557 1104 2627 defuisse,
1150 2566 1250 2614 aut
1293 2556 1488 2631 aliquo
1538 2556 1793 2614 facinore
1852 2567 2157 2633 comperto
2213 2556 2509 2614 avaritiam

499 2667 625 2708 esse
663 2650 992 2708 convictam
1018 2672 1029 2707 ε
1077 2668 1240 2708 suam
1268 2650 1665 2707 innocentiam
1697 2661 1980 2725 perpetua
2010 2649 2143 2718 vita,
2173 2649 2509 2707 felicitatem

500 2740 904 2799 Helvetiorum
959 2740 1112 2799 bello
1169 2757 1296 2797 esse
1355 2750 1741 2816 perspectam.
1834 2741 2040 2815 Itaque
2096 2758 2177 2810 se,
2228 2739 2389 2815 quod
2420 2737 2509 2798 'in

495 2836 815 2911 longiorem
859 2834 1016 2892 diem
1059 2832 1366 2891 collaturus
1401 2833 1618 2903 fuisset,
1659 2842 2219 2908 repraesentaturum
2252 2843 2311 2890 et
2338 2851 2505 2908 prox·

495 2927 610 2984 ima
639 2934 811 2983 nocte
841 2922 916 2982 de
947 2932 1149 2998 quarta
1177 2923 1366 2997 vigilia
1395 2933 1581 2980 castra
1609 2933 1921 2994 moturum,
1953 2933 2017 2980 ut
2045 2941 2221 2997 quam
2249 2923 2507 2998 primum

407 3043 468 3092 30
493 3019 824 3094 intellegere
853 3026 1069 3093 posset,
1103 3026 1293 3073 utrum
1337 3014 1497 3090 apud
1540 3034 1642 3074 eos
1686 3016 1877 3092 pudor
1918 3027 2093 3092 atque
2136 3016 2392 3075 officium
2429 3037 2506 3074 an

494 3111 666 3168 timor
713 3109 942 3167 valeret.
1027 3107 1208 3183 Quod
1265 3107 1314 3165 si
1368 3117 1667 3183 praeterea
1724 3126 1901 3166 nemo
1958 3117 2247 3182 sequatur,
2304 3118 2503 3166 tamen

493 3219 554 3258 se
597 3219 733 3258 cum
776 3200 899 3258 sola
936 3198 1170 3257 decima
1210 3195 1439 3274 legione
1483 3199 1715 3270 iturum,
1758 3198 1834 3256 de
1873 3217 1989 3273 qua
2030 3217 2150 3256 non
2192 3197 2501 3269 dubitaret,

493 3294 716 3368 sibique
775 3311 904 3351 eam
961 3293 1308 3368 praetoriam
1365 3292 1668 3350 cohortem
1718 3293 1984 3351 futuram.
2072 3292 2232 3350 Huic
2287 3292 2503 3367 legioni

493 3385 709 3443 Caesar
737 3394 796 3442 et
824 3384 1138 3443 indulserat
1165 3382 1479 3457 praecipue
1511 3392 1569 3439 et
1596 3393 1834 3459 propter
1860 3383 2126 3440 virtutem
2163 3379 2500 3441 confidebat

404 3485 464 3538 35
492 3476 762 3533 maxime.
