2796 4207
825 228 976 283 ΜΒ.
1022 228 1138 282 111.
1182 228 1353 282 CAP.
1397 230 1769 283 xx-xxlv.
2208 214 2332 281 103

313 402 510 461 XXII.
555 403 748 477 Atque
777 401 838 459 in
868 418 939 459 ea
965 420 1026 460 re
1064 402 1329 461 omnium
1372 412 1701 461 nostrorum
1742 402 1977 461 intentis
2018 403 2244 473 animis,

233 494 344 553 alia
370 512 444 553 ex
470 502 636 570 parte
658 492 865 569 oppidi
885 491 1268 567 AdiatunnuS,
1295 494 1394 569 qui
1418 512 1705 551 summam
1734 493 1961 569 imperii
1988 493 2243 565 tenebat,

231 604 370 643 curn
408 601 489 645 Dc
530 584 776 659 devotiS,
813 602 961 661 quos
1003 586 1080 642 illi
1122 584 1408 643 soldurios
1450 585 1762 660 appellant,
1806 603 2056 660 quorum
2098 585 2244 643 haec

232 686 324 735 est
372 676 666 747 condici0‚
716 677 800 735 uti
845 677 1116 737 omnibus
1161 676 1218 734 in
1269 676 1386 735 vita
1436 675 1767 735 commodis
1816 695 1933 735 una
1977 695 2112 734 cum
2162 678 2244 735 eis

230 768 509 840 fruantur,
541 785 790 843 quorum
820 785 882 826 se
912 768 1200 826 amicitiae
1244 766 1595 839 dediderint,
1626 768 1672 825 si
1703 766 1845 842 quid
1874 767 1960 826 his
1994 786 2101 843 per
2128 768 2244 826 vim

229 858 481 931 accidat,
512 868 612 917 aut
639 858 894 917 eundem
924 877 1124 917 casum
1154 876 1272 916 una
1298 857 1482 916 ferant
1520 868 1619 915 aut
1661 858 1768 917 sibi
1812 869 2058 917 mortem
2102 876 2242 917 con-

229 952 520 1009 sciscant:
565 968 759 1025 neque
790 949 984 1008 adhuc
1014 950 1318 1008 hominum
1361 951 1646 1009 memoria
1682 961 1943 1026 repertus
1973 960 2062 1009 est
2090 952 2243 1025 quis—

228 1060 431 1117 quam,
461 1042 562 1117 qui
596 1060 669 1100 eo
707 1042 1031 1113 interfectO,
1075 1042 1240 1099 cuius
1283 1058 1344 1099 se
1388 1041 1678 1100 amicitiae
1722 1041 2071 1113 devovisset,
2100 1043 2245 1099 mori

227 1125 592 1281 recusaretaz
613 1150 750 1190 curn
794 1132 880 1191 his
921 1131 1290 1190 Adiatunnus
1333 1133 1702 1207 eruptionem
1746 1132 1935 1190 facere
1982 1142 2244 1203 conatuS,

227 1224 489 1281 clamore
619 1240 691 1281 ea
717 1232 880 1297 parte
925 1222 1260 1281 munitionis
1303 1223 1549 1296 sublat0,
1581 1241 1716 1281 cum
1745 1221 1822 1280 ad
1850 1241 2011 1281 arma
2039 1222 2247 1281 milites

227 1314 664 1373 concurrissent
691 1312 1185 1389 vehementerque
1221 1314 1300 1372 ibi
1336 1324 1655 1389 pugnatum
1696 1323 1865 1386 esset,
1895 1314 2158 1390 repulsus
2185 1314 2247 1371 in

229 1404 524 1481 oppidum
565 1414 782 1478 tamen,
825 1405 910 1463 uti
950 1404 1161 1464 eadem
1212 1404 1526 1464 deditionis
1572 1404 1922 1465 condicione
1972 1414 2245 1476 uteretur,

227 1498 310 1557 ab
337 1497 552 1557 Crasso
579 1496 922 1572 impetravit.

271 1656 519 1713 Crassus
543 1658 767 1713 reduces
792 1658 990 1729 nearly
1013 1658 1106 1713 all
1125 1657 1217 1713 tlte
1241 1666 1357 1713 rest
1377 1661 1453 1729 of
1464 1658 1793 1729 Aquitania
1819 1667 1873 1714 to
1896 1661 2220 1731 subjectiva.

312 1772 560 1831 XXIII:
587 1772 776 1830 Armis
806 1771 1224 1847 obsidibusque
1253 1772 1511 1848 acceptis
1534 1772 1773 1832 Crassus
1802 1774 1860 1831 in
1888 1774 2035 1831 fines
2055 1775 2244 1831 Voca-

227 1864 378 1923 tium
417 1872 478 1922 et
505 1864 872 1922 Tarusatium
913 1864 1208 1940 profectus
1251 1874 1355 1922 est.
1440 1865 1594 1922 Tum
1638 1882 1775 1923 vero
1816 1864 2043 1924 barbari
2084 1883 2245 1923 com-

227 1955 398 2026 moti,
429 1953 593 2030 quod
627 1953 919 2031 oppidum
948 1964 1007 2013 et
1033 1964 1238 2013 natura
1265 1954 1380 2012 loci
1410 1965 1467 2013 et
1498 1973 1673 2013 manu
1717 1955 2003 2014 munitum
2046 1956 2247 2032 paucis

227 2046 461 2121 diebuS,
482 2045 692 2122 quibus
718 2064 792 2107 eo
814 2055 1052 2106 ventum
1077 2056 1216 2119 erat,
1237 2057 1631 2122 expugnatum
1655 2057 2067 2124 cognoverant,
2092 2048 2245 2123 lega—

226 2149 325 2198 tos
355 2157 596 2215 quoque
617 2157 846 2198 versum
875 2138 1184 2211 dimittere,
1209 2139 1530 2211 coniurare,
1555 2138 1791 2198 obsides
1820 2140 1967 2198 inter
1995 2158 2057 2198 se
2086 2140 2244 2212 dare,

228 2231 437 2306 copias
486 2248 688 2306 parare
729 2239 1070 2307 coeperunt.
1155 2231 1466 2288 Mittuntur
1507 2231 1681 2288 etiam
1724 2229 1800 2288 ad
1844 2249 1941 2289 eas
1985 2232 2244 2289 civitates

227 2325 423 2400 legati,
476 2341 628 2400 quae
673 2334 807 2382 sunt
846 2324 1127 2383 citerioris
1171 2324 1494 2399 Hispaniae
1538 2323 1816 2382 finitimae
1860 2325 2241 2399 Aquitaniae:

231 2415 374 2474 inde
403 2415 614 2474 auxilia
647 2413 947 2490 ducesque
987 2423 1370 2474 arcessuntur.
1457 2415 1725 2489 Quorum
1752 2414 2006 2473 adventu
2039 2434 2248 2491 magna

231 2525 371 2564 cum
399 2505 742 2564 auctoritate
771 2516 829 2564 et
858 2523 1073 2581 magna
1099 2523 1234 2564 cum
1272 2504 1577 2563 hominum
1620 2504 1988 2563 multitudine
2032 2506 2247 2565 bellum

229 2616 434 2674 gerere
489 2607 793 2657 conantur.
880 2598 1081 2656 Duces
1130 2615 1268 2655 vero
1314 2597 1352 2654 ii
1401 2595 1746 2672 deliguntur,
1796 2597 1897 2672 qui
1953 2616 2071 2655 una
2111 2617 2247 2655 cum

233 2689 460 2764 Quinto
489 2689 744 2748 Sertorio
772 2706 979 2746 omnes
1007 2705 1194 2746 annos
1233 2688 1459 2746 fuerant
1501 2705 1904 2762 summamque
1948 2689 2247 2748 scientiam

231 2781 316 2838 rei
347 2779 604 2838 militaris
632 2779 844 2838 habere
874 2779 1363 2838 existimabantur.
1447 2779 1535 2854 ⁸Hi
1579 2777 2003 2837 consuetudine
2045 2780 2247 2855 populi

234 2872 494 2930 Romani
547 2870 680 2929 loca
727 2887 956 2946 capere,
1007 2880 1193 2929 castra
1249 2870 1493 2942 munire,
1544 2870 1966 2928 commeatibus
2023 2881 2250 2929 nostros

234 2961 622 3022 intercludere
687 2963 1009 3021 instituunt.
1121 2961 1303 3036 Quod
1367 2962 1467 3020 ubi
1525 2962 1763 3021 Crassus
1828 2961 2248 3034 animadvertit,

233 3074 368 3113 suas
412 3054 616 3129 copias
663 3063 903 3130 propter
946 3053 1318 3129 exiguitatem
1363 3071 1486 3112 non
1533 3052 1698 3114 facile
1749 3051 1968 3124 diduci,
2020 3052 2249 3111 hostem

231 3155 294 3205 et
319 3145 515 3221 vagari
543 3153 604 3204 et
629 3144 748 3203 vias
782 3142 1051 3203 obsidere
1079 3153 1138 3202 et
1169 3144 1366 3203 castris
1410 3143 1546 3202 satis
1588 3142 1859 3218 praesidii
1904 3144 2247 3218 relinquere,

2284 1252 2339 1286 10

2278 2338 2338 2374 20

2280 2803 2337 2855 ²5

233 3237 314 3294 ob
343 3254 476 3295 eam
506 3251 744 3293 causam
772 3233 964 3292 minus
993 3232 1311 3293 commode
1339 3234 1693 3292 frumentum
1733 3244 2248 3309 commeatumque
2275 3267 2339 3318 30

234 3326 345 3385 sibi
379 3325 729 3402 supportari,
757 3325 818 3383 in
857 3324 984 3383 dies
1025 3326 1277 3384 hostium
1321 3343 1629 3383 numerum
1673 3325 1888 3400 augeri,
1919 3343 2041 3383 non
2070 3343 2247 3382 cunc-

233 3415 479 3476 tandum
509 3414 873 3488 existimavit,
904 3415 1046 3490 quin
1083 3433 1280 3492 pugna
1321 3415 1658 3474 decertaret.
1744 3417 1880 3474 Hac
1909 3410 1971 3474 re
2000 3414 2077 3473 ad
2106 3432 2247 3472 con-

235 3507 426 3566 silium
476 3505 690 3578 delata,
735 3505 835 3565 ubi
883 3523 1089 3565 omnes
1137 3506 1294 3565 idem
1345 3506 1557 3565 sentire
1608 3505 1903 3580 intellexit,
1950 3515 2248 3582 posterum

238 3597 396 3658 diem
423 3615 660 3675 pugnae
689 3596 1006 3657 constituit.

313 3691 534 3749 XXIV.
580 3687 774 3747 Prima
805 3688 938 3746 luce
976 3686 1277 3764 productis
1318 3688 1591 3747 omnibus
1633 3687 1818 3763 copiis
1858 3686 2082 3764 duplici
2123 3687 2249 3745 acie

237 3781 510 3853 instituta,
569 3779 792 3838 auxiliis
839 3779 898 3838 in
948 3778 1205 3838 mediam
1258 3780 1448 3838 aciem
1504 3778 1803 3850 coniectiS,
1854 3777 1998 3852 quid
2054 3777 2250 3835 hostes

240 3873 463 3932 consilii
494 3878 794 3945 caperent,
815 3869 1210 3946 exspectabat.
1284 3870 1392 3942 Illi,
1418 3870 1525 3928 etsi
1552 3876 1791 3944 propter
1818 3866 2247 3926 multitudinem

2280 3703 2338 3756 35
