2796 4207
810 202 957 255 ΜΒ,
1000 202 1069 255 v.
1116 202 1283 255 CAP.
1322 199 1798 253 xle-XLvn.
2229 184 2354 249 143

219 374 421 423 vento
456 364 571 422 fert
598 364 920 423 subsidium
951 364 1132 436 Pulio,
1163 372 1337 438 atque
1376 362 1552 421 ambo
1587 361 1910 420 incolumes
1948 362 2261 438 compluri-

222 460 339 518 bus
388 458 719 517 interfectis
762 476 990 516 summa
1031 476 1168 515 cum
1210 455 1381 515 laude
1424 473 1551 515 sese
1593 455 1742 513 intra
1783 456 2136 515 munitiones
2172 475 2260 516 re-

220 552 497 627 cipiunt.
582 550 677 611 Sic
704 551 933 609 fortuna
969 550 1030 608 in
1068 548 1448 607 contentione
1490 556 1551 607 et
1590 547 1907 606 certamine
1949 558 2260 625 utrumque

221 642 518 714 versavit,
547 651 612 700 ut
637 642 779 701 alter
804 641 967 701 alteri
995 641 1263 699 inimicus
1292 639 1504 698 auxilio
1547 639 1832 714 salutique
1866 648 2038 712 esset,
2065 657 2260 716 neque

220 732 560 791 diiudicari
588 742 805 810 posset,
838 742 965 791 uter
991 733 1101 790 utri
1129 732 1334 790 virtute
1363 729 1776 789 anteferendus
1806 729 2111 790 videretur.
2290 754 2317 807 5

307 824 512 882 XLV.
558 824 796 898 Quanto
826 833 949 881 erat
976 824 1038 881 in
1080 822 1206 881 dies
1246 822 1474 898 gravior
1513 830 1688 896 atque
1731 822 1991 896 asperior
2032 839 2257 900 oppug-

221 916 420 988 nati0,
446 925 515 974 et
536 916 788 973 maxime
818 913 983 991 quod
1012 932 1222 991 magna
1248 923 1414 989 parte
1445 912 1689 970 militum
1720 912 1990 970 confecta
2009 914 2255 972 vulneri·

224 1008 342 1066 bus
364 1026 471 1065 res
496 1006 574 1065 ad
596 1008 949 1084 paucitatem
978 1005 1351 1064 defensorum
1373 1013 1732 1080 pervenerat,
1757 1013 1919 1062 tanto
1942 1005 2258 1065 crebriores

220 1099 468 1156 litterae
521 1098 826 1173 nuntiique
872 1096 951 1155 ad
995 1098 1309 1157 Caesarem
1358 1094 1773 1168 mittebantur3
1829 1113 2078 1171 quorum
2125 1115 2259 1173 pars

225 1188 621 1265 deprehensa
667 1189 728 1247 in
770 1197 1094 1264 conspectu
1141 1196 1474 1246 nostrorum
1521 1184 1766 1243 militum
1814 1203 1951 1243 cum
2001 1189 2257 1249 cruciatu
2290 1216 2348 1251 10

222 1282 586 1339 necabatur.
676 1281 816 1339 Erat
857 1298 1005 1339 unus
1046 1280 1201 1341 intus
1244 1278 1493 1337 Nervius
1544 1278 1781 1335 nomine
1824 1278 2080 1351 VerticO,
2124 1281 2257 1341 loco

225 1385 409 1434 natus
464 1374 737 1446 honest0,
786 1373 887 1449 qui
930 1392 967 1431 a
1012 1373 1201 1449 prima
1243 1370 1552 1429 obsidione
1597 1368 1676 1427 ad
1725 1368 2077 1429 Ciceronem
2125 1391 2254 1449 per-

224 1467 471 1543 fugerat
499 1484 783 1542 suamque
814 1466 869 1524 ei
894 1465 1077 1524 fidem
1104 1464 1484 1541 praestiterat.
1571 1463 1692 1520 Hic
1733 1480 1898 1521 servo
1941 1481 2044 1539 spe
2087 1464 2254 1523 liber-

228 1558 370 1617 tatis
416 1558 765 1635 magnisque
806 1555 1120 1633 persuadet
1160 1554 1448 1631 praemiiS,
1492 1562 1556 1612 ut
1592 1552 1806 1613 litteras
1838 1552 1916 1612 ad
1945 1554 2256 1615 Caesarem

228 1648 489 1708 deferat.
579 1650 706 1706 Has
755 1648 849 1706 ille
897 1648 958 1706 in
1001 1648 1191 1706 iaculo
1240 1646 1479 1723 illigatas
1535 1644 1699 1704 effert
1746 1654 1807 1703 et
1851 1646 2053 1705 Gallus
2107 1648 2257 1707 inter
2286 1677 2343 1731 15

233 1740 447 1801 Gallos
492 1740 617 1799 sine
660 1741 773 1799 ulla
818 1741 1151 1817 suspicione
1193 1754 1450 1803 versatus
1491 1744 1570 1806 ad
1610 1745 1922 1805 Caesarem
1972 1744 2253 1821 pervenit.

230 1835 329 1895 Ab
358 1853 442 1894 eo
472 1834 551 1893 de
580 1834 849 1912 periculis
877 1835 1179 1895 Ciceronis
1206 1836 1567 1914 legionisque
1597 1838 1986 1915 cognoscitur.

316 1928 546 1987 XLVI.
591 1928 809 1987 Caesar
843 1928 1101 2003 acceptis
1139 1928 1340 1987 litteris
1369 1929 1512 1988 hora
1538 1930 1768 1989 circiter
1793 1928 2111 1988 undecima
2137 1926 2255 1988 diei

233 2019 439 2078 statim
490 2020 759 2078 nuntium
804 2020 865 2077 in
914 2021 1253 2079 Bellovacos
1296 2019 1374 2078 ad
1422 2022 1508 2079 M.
1562 2022 1836 2081 Crassum
1884 2030 2254 2095 quaestorem

236 2111 437 2185 mittit,
462 2112 631 2171 cuius
661 2112 900 2171 hiberna
927 2112 1166 2182 aberant
1192 2113 1268 2171 ab
1296 2131 1370 2171 eo
1401 2113 1557 2172 milia
1582 2131 1860 2190 passuum
1887 2130 2011 2172 xxv
2030 2133 2048 2186 3
2093 2113 2252 2172 iubet
2282 2130 2343 2166 20

234 2201 444 2261 media
488 2212 666 2262 nocte
711 2203 1002 2280 legionem
1050 2203 1345 2279 proficisci
1392 2204 1771 2280 celeriterque
1813 2204 1890 2262 ad
1931 2223 1994 2264 se
2037 2205 2250 2262 venire.

238 2293 383 2352 Exit
424 2313 567 2352 cum
608 2295 813 2353 nuntio
842 2295 1098 2354 Crassus.
1180 2295 1444 2353 Alterum
1471 2293 1548 2354 ad
1578 2296 1791 2356 Gaium
1823 2295 2070 2354 Fabium
2095 2295 2249 2371 lega-

238 2391 367 2442 tum
397 2385 597 2457 mittit,
625 2394 689 2443 ut
717 2386 777 2444 in
805 2385 1143 2445 Atrebatum
1172 2384 1319 2445 fines
1359 2386 1650 2462 legionem
1693 2385 1966 2458 adducat,
1998 2404 2115 2461 qua
2143 2386 2252 2446 sibi

238 2473 352 2532 scit
380 2475 495 2534 iter
514 2474 868 2534 faciendum.
938 2476 1146 2537 Scribit
1175 2477 1455 2549 Labiene,
1479 2477 1527 2536 si
1547 2477 1898 2552 reipublicae
1928 2475 2249 2535 commodo

240 2561 438 2624 facere
466 2577 684 2642 posset,
714 2585 849 2625 cum
879 2567 1109 2643 legione
1137 2566 1215 2625 ad
1243 2567 1391 2626 fines
1421 2568 1770 2626 Nerviorum
1796 2568 2009 2626 veniat.
2095 2567 2252 2625 Reli·
2281 2587 2342 2641 25

241 2669 424 2728 quam
453 2667 680 2735 partem
708 2658 1011 2730 exercituS‚
1042 2656 1207 2733 quod
1233 2657 1411 2733 paulo
1439 2659 1637 2717 aberat
1661 2657 1908 2734 longiuS‚
1938 2676 2060 2716 non
2087 2667 2254 2733 putat

245 2748 745 2822 exspectandam3
802 2749 1029 2824 equites
1083 2749 1312 2807 circiter
1354 2748 1811 2825 quadringentos
1857 2767 1933 2806 ex
1974 2749 2253 2824 proximis

245 2832 505 2898 hibernis
545 2839 779 2916 colligit.

326 2931 579 2992 XLVII.
625 2935 795 2992 Hora
837 2933 1063 2993 circiter
1109 2934 1277 2992 tertia
1316 2934 1392 2993 ab
1433 2933 1899 2992 antecursoribus
1940 2932 2018 2991 de
2062 2932 2253 2992 Crassi

249 3018 507 3081 adventu
550 3023 762 3082 certior
800 3023 1003 3096 factm,
1047 3042 1121 3083 eo
1163 3023 1259 3082 die
1308 3024 1468 3082 milia
1509 3042 1786 3099 passuum
1833 3041 1920 3082 xx
1967 3022 2252 3100 procedit.
2281 3052 2344 3102 30

253 3110 527 3173 Crassum
555 3115 985 3174 Samarobrivae
1027 3116 1289 3192 praeficit
1329 3116 1743 3192 legionemque
1786 3116 2057 3188 attribuit,
2090 3114 2255 3190 quod

252 3200 331 3260 ibi
357 3203 783 3281 impedimenta
810 3207 1112 3278 exercitus,
1142 3205 1378 3266 obsides
1406 3207 1722 3278 civitatum,
1752 3207 1966 3265 litteras
1993 3206 2255 3282 publicas

256 3290 723 3372 frumentumque
757 3316 953 3371 omne,
985 3297 1148 3373 quod
1186 3316 1260 3357 eo
1302 3297 1640 3356 tolerandae
1682 3297 1890 3356 hiemis
1931 3315 2108 3355 causa
2150 3295 2252 3354 de-

256 3397 506 3460 vexerat,
560 3388 941 3463 relinquebat.
1025 3389 1257 3460 Fabius,
1303 3398 1368 3446 ut
1416 3388 1764 3464 imperatum
1815 3397 1954 3460 erat,
2005 3405 2128 3445 non
2175 3386 2257 3444 ita

260 3476 501 3536 multum
530 3488 804 3553 moratus,
834 3479 895 3539 in
923 3479 1125 3539 itinere
1155 3498 1289 3538 cum
1319 3480 1550 3555 legione
1590 3479 1856 3538 occurrit.
1942 3478 2252 3548 LabienuS,
2285 3495 2345 3548 35

261 3562 489 3627 interitu
525 3569 720 3628 Sabini
762 3581 822 3630 et
859 3569 1042 3630 caede
1084 3570 1414 3629 cohortium
1457 3571 1710 3646 cognita,
1755 3589 1892 3628 cum
1929 3581 2156 3627 omnes‘
2177 3566 2256 3625 ad

268 3671 397 3714 eum
442 3661 827 3720 Treverorum
884 3663 1091 3738 copiae
1140 3663 1450 3734 venissent,
1502 3663 1730 3734 veritus,
1781 3661 1830 3718 si
1879 3678 1953 3718 ex
1999 3659 2254 3717 hibernis

268 3743 428 3820 fugae
484 3751 730 3810 similem
785 3751 1211 3828 profectionem
1255 3752 1504 3824 fecisset,
1554 3761 1617 3810 ut
1665 3751 1919 3809 hostium
1974 3751 2260 3825 impetum
