<?xml version="1.0" encoding="UTF-8"?>
<!DOCTYPE html PUBLIC "-//W3C//DTD XHTML 1.0 Transitional//EN"
    "http://www.w3.org/TR/xhtml1/DTD/xhtml1-transitional.dtd">
<html xmlns="http://www.w3.org/1999/xhtml" xml:lang="en" lang="en">
 <head>
  <title>
</title>
<meta http-equiv="Content-Type" content="text/html;charset=utf-8" />
  <meta name='ocr-system' content='tesseract 3.04.00' />
  <meta name='ocr-capabilities' content='ocr_page ocr_carea ocr_par ocr_line ocrx_word'/>
</head>
<body>
  <div class='ocr_page' id='page_1' title='image "./ciulicaesarisde00kelsgoog_0179.png"; bbox 0 0 2796 4207; ppageno 0'>
   <div class='ocr_carea' id='block_1_1' title="bbox 948 237 2362 306">
    <p class='ocr_par' dir='ltr' id='par_1_1' title="bbox 948 237 2362 306">
     <span class='ocr_line' id='line_1_1' title="bbox 948 237 2362 306; baseline -0.001 -3"><span class='ocrx_word' id='word_1_1' title='bbox 948 251 1095 303; x_wconf 78' lang='lat' dir='ltr'><strong>Lm.</strong></span> <span class='ocrx_word' id='word_1_2' title='bbox 1138 250 1211 305; x_wconf 89' lang='lat' dir='ltr'><strong>v.</strong></span> <span class='ocrx_word' id='word_1_3' title='bbox 1255 250 1424 304; x_wconf 82' lang='lat' dir='ltr'><strong>CAP.</strong></span> <span class='ocrx_word' id='word_1_4' title='bbox 1467 253 1719 306; x_wconf 76' lang='lat' dir='ltr'>x-xlv.</span> <span class='ocrx_word' id='word_1_5' title='bbox 2232 237 2362 302; x_wconf 82' lang='lat'><strong>129</strong></span> 
     </span>
    </p>
   </div>
   <div class='ocr_carea' id='block_1_2' title="bbox 251 395 2362 3861">
    <p class='ocr_par' dir='ltr' id='par_1_2' title="bbox 251 395 2356 1580">
     <span class='ocr_line' id='line_1_2' title="bbox 252 395 2268 492; baseline 0.002 -23"><span class='ocrx_word' id='word_1_6' title='bbox 252 395 469 470; x_wconf 83' lang='lat' dir='ltr'><strong>omnes</strong></span> <span class='ocrx_word' id='word_1_7' title='bbox 512 412 631 470; x_wconf 89' lang='lat' dir='ltr'><strong>fere</strong></span> <span class='ocrx_word' id='word_1_8' title='bbox 675 412 741 470; x_wconf 89' lang='lat' dir='ltr'><strong>iis</strong></span> <span class='ocrx_word' id='word_1_9' title='bbox 782 413 1115 472; x_wconf 87' lang='lat' dir='ltr'><strong>nominibus</strong></span> <span class='ocrx_word' id='word_1_10' title='bbox 1156 413 1453 472; x_wconf 91' lang='lat' dir='ltr'><strong>civitatum</strong></span> <span class='ocrx_word' id='word_1_11' title='bbox 1495 415 1878 490; x_wconf 86' lang='lat' dir='ltr'><strong>appellantur,</strong></span> <span class='ocrx_word' id='word_1_12' title='bbox 1909 416 2120 492; x_wconf 90' lang='lat' dir='ltr'><strong>quibus</strong></span> <span class='ocrx_word' id='word_1_13' title='bbox 2157 419 2268 474; x_wconf 92' lang='lat' dir='ltr'><strong>orti</strong></span> 
     </span>
     <span class='ocr_line' id='line_1_3' title="bbox 254 502 2266 582; baseline 0.002 -21"><span class='ocrx_word' id='word_1_14' title='bbox 254 521 332 561; x_wconf 84' lang='lat' dir='ltr'><strong>ex</strong></span> <span class='ocrx_word' id='word_1_15' title='bbox 374 502 703 561; x_wconf 89' lang='lat' dir='ltr'><strong>civitatibus</strong></span> <span class='ocrx_word' id='word_1_16' title='bbox 740 521 814 562; x_wconf 92' lang='lat' dir='ltr'><strong>eo</strong></span> <span class='ocrx_word' id='word_1_17' title='bbox 856 503 1289 580; x_wconf 89' lang='lat' dir='ltr'><strong>pervenerunt),</strong></span> <span class='ocrx_word' id='word_1_18' title='bbox 1320 514 1379 563; x_wconf 93' lang='lat' dir='ltr'><strong>et</strong></span> <span class='ocrx_word' id='word_1_19' title='bbox 1414 505 1569 564; x_wconf 93' lang='lat' dir='ltr'><strong>bello</strong></span> <span class='ocrx_word' id='word_1_20' title='bbox 1613 506 1770 564; x_wconf 90' lang='lat' dir='ltr'><strong>illato</strong></span> <span class='ocrx_word' id='word_1_21' title='bbox 1809 506 1892 566; x_wconf 94' lang='lat' dir='ltr'><strong>ibi</strong></span> <span class='ocrx_word' id='word_1_22' title='bbox 1931 523 2266 582; x_wconf 90' lang='lat' dir='ltr'><strong>permanse-</strong></span> 
     </span>
     <span class='ocr_line' id='line_1_4' title="bbox 253 595 2268 671; baseline 0.002 -19"><span class='ocrx_word' id='word_1_23' title='bbox 253 601 393 652; x_wconf 89' lang='lat' dir='ltr'><strong>runt</strong></span> <span class='ocrx_word' id='word_1_24' title='bbox 434 601 611 668; x_wconf 87' lang='lat' dir='ltr'><strong>atque</strong></span> <span class='ocrx_word' id='word_1_25' title='bbox 654 612 820 670; x_wconf 88' lang='lat' dir='ltr'><strong>agros</strong></span> <span class='ocrx_word' id='word_1_26' title='bbox 862 595 1054 652; x_wconf 90' lang='lat' dir='ltr'><strong>colere</strong></span> <span class='ocrx_word' id='word_1_27' title='bbox 1104 605 1448 671; x_wconf 88' lang='lat' dir='ltr'><strong>coeperunt.</strong></span> <span class='ocrx_word' id='word_1_28' title='bbox 1537 597 1870 655; x_wconf 89' lang='lat' dir='ltr'><strong>Hominum</strong></span> <span class='ocrx_word' id='word_1_29' title='bbox 1913 607 2003 657; x_wconf 89' lang='lat' dir='ltr'><strong>est</strong></span> <span class='ocrx_word' id='word_1_30' title='bbox 2043 598 2268 657; x_wconf 88' lang='lat' dir='ltr'><strong>infinita</strong></span> 
     </span>
     <span class='ocr_line' id='line_1_5' title="bbox 253 683 2265 762; baseline 0.003 -21"><span class='ocrx_word' id='word_1_31' title='bbox 253 683 574 742; x_wconf 91' lang='lat' dir='ltr'><strong>multitudo</strong></span> <span class='ocrx_word' id='word_1_32' title='bbox 630 686 1091 761; x_wconf 88' lang='lat' dir='ltr'><strong>creberrimaque</strong></span> <span class='ocrx_word' id='word_1_33' title='bbox 1148 685 1418 744; x_wconf 90' lang='lat' dir='ltr'><strong>aedificia</strong></span> <span class='ocrx_word' id='word_1_34' title='bbox 1462 687 1580 746; x_wconf 89' lang='lat' dir='ltr'><strong>fere</strong></span> <span class='ocrx_word' id='word_1_35' title='bbox 1632 687 1868 746; x_wconf 86' lang='lat' dir='ltr'><strong>Gallicis</strong></span> <span class='ocrx_word' id='word_1_36' title='bbox 1923 689 2265 762; x_wconf 88' lang='lat' dir='ltr'><strong>consimilia,</strong></span> 
     </span>
     <span class='ocr_line' id='line_1_6' title="bbox 252 778 2324 852; baseline 0.002 -18"><span class='ocrx_word' id='word_1_37' title='bbox 252 794 544 852; x_wconf 90' lang='lat' dir='ltr'><strong>pecorum</strong></span> <span class='ocrx_word' id='word_1_38' title='bbox 575 795 816 851; x_wconf 88' lang='lat' dir='ltr'><strong>magnus</strong></span> <span class='ocrx_word' id='word_1_39' title='bbox 844 795 1139 835; x_wconf 77' lang='lat' dir='ltr'><strong>numerus·</strong></span> <span class='ocrx_word' id='word_1_40' title='bbox 1210 778 1467 837; x_wconf 89' lang='lat' dir='ltr'><strong>Utuntur</strong></span> <span class='ocrx_word' id='word_1_41' title='bbox 1493 787 1594 835; x_wconf 92' lang='lat' dir='ltr'><strong>aut</strong></span> <span class='ocrx_word' id='word_1_42' title='bbox 1622 796 1754 835; x_wconf 92' lang='lat' dir='ltr'><strong>aere</strong></span> <span class='ocrx_word' id='word_1_43' title='bbox 1783 787 1882 837; x_wconf 89' lang='lat' dir='ltr'><strong>aut</strong></span> <span class='ocrx_word' id='word_1_44' title='bbox 1900 797 2143 838; x_wconf 87' lang='lat' dir='ltr'><strong>nummo</strong></span> <span class='ocrx_word' id='word_1_45' title='bbox 2165 798 2263 838; x_wconf 91' lang='lat' dir='ltr'><strong>au·</strong></span> <span class='ocrx_word' id='word_1_46' title='bbox 2295 797 2324 851; x_wconf 81' lang='grc'><strong><em>5</em></strong></span> 
     </span>
     <span class='ocr_line' id='line_1_7' title="bbox 251 867 2263 946; baseline 0.002 -22"><span class='ocrx_word' id='word_1_47' title='bbox 251 884 360 925; x_wconf 89' lang='lat' dir='ltr'><strong>reo</strong></span> <span class='ocrx_word' id='word_1_48' title='bbox 382 875 483 924; x_wconf 93' lang='lat' dir='ltr'><strong>aut</strong></span> <span class='ocrx_word' id='word_1_49' title='bbox 509 867 671 924; x_wconf 92' lang='lat' dir='ltr'><strong>taleis</strong></span> <span class='ocrx_word' id='word_1_50' title='bbox 694 867 888 926; x_wconf 90' lang='lat' dir='ltr'><strong>ferreis</strong></span> <span class='ocrx_word' id='word_1_51' title='bbox 910 867 986 926; x_wconf 91' lang='lat' dir='ltr'><strong>ad</strong></span> <span class='ocrx_word' id='word_1_52' title='bbox 1008 877 1231 926; x_wconf 90' lang='lat' dir='ltr'><strong>certum</strong></span> <span class='ocrx_word' id='word_1_53' title='bbox 1251 868 1486 943; x_wconf 89' lang='lat' dir='ltr'><strong>pondus</strong></span> <span class='ocrx_word' id='word_1_54' title='bbox 1509 870 1848 928; x_wconf 83' lang='lat' dir='ltr'><strong>examinatis</strong></span> <span class='ocrx_word' id='word_1_55' title='bbox 1871 888 1978 946; x_wconf 91' lang='lat' dir='ltr'><strong>pro</strong></span> <span class='ocrx_word' id='word_1_56' title='bbox 2001 888 2263 929; x_wconf 89' lang='lat' dir='ltr'><strong>nummo.</strong></span> 
     </span>
     <span class='ocr_line' id='line_1_8' title="bbox 256 957 2266 1037; baseline 0.002 -22"><span class='ocrx_word' id='word_1_57' title='bbox 256 957 537 1016; x_wconf 88' lang='lat' dir='ltr'><strong>Nascitur</strong></span> <span class='ocrx_word' id='word_1_58' title='bbox 564 957 641 1016; x_wconf 92' lang='lat' dir='ltr'><strong>ibi</strong></span> <span class='ocrx_word' id='word_1_59' title='bbox 671 958 975 1034; x_wconf 86' lang='lat' dir='ltr'><strong>plumbum</strong></span> <span class='ocrx_word' id='word_1_60' title='bbox 1020 959 1215 1017; x_wconf 91' lang='lat' dir='ltr'><strong>album</strong></span> <span class='ocrx_word' id='word_1_61' title='bbox 1256 959 1317 1016; x_wconf 92' lang='lat' dir='ltr'><strong>in</strong></span> <span class='ocrx_word' id='word_1_62' title='bbox 1345 959 1782 1018; x_wconf 90' lang='lat' dir='ltr'><strong>mediterraneis</strong></span> <span class='ocrx_word' id='word_1_63' title='bbox 1822 961 2174 1037; x_wconf 81' lang='lat' dir='ltr'><strong>regionibuS,</strong></span> <span class='ocrx_word' id='word_1_64' title='bbox 2205 962 2266 1019; x_wconf 92' lang='lat' dir='ltr'><strong>in</strong></span> 
     </span>
     <span class='ocr_line' id='line_1_9' title="bbox 254 1047 2268 1126; baseline 0.002 -20"><span class='ocrx_word' id='word_1_65' title='bbox 254 1047 561 1106; x_wconf 86' lang='lat' dir='ltr'><strong>maritimis</strong></span> <span class='ocrx_word' id='word_1_66' title='bbox 612 1048 840 1122; x_wconf 88' lang='lat' dir='ltr'><strong>ferrum,</strong></span> <span class='ocrx_word' id='word_1_67' title='bbox 885 1049 991 1107; x_wconf 90' lang='lat' dir='ltr'><strong>sed</strong></span> <span class='ocrx_word' id='word_1_68' title='bbox 1034 1050 1159 1107; x_wconf 92' lang='lat' dir='ltr'><strong>eius</strong></span> <span class='ocrx_word' id='word_1_69' title='bbox 1201 1050 1412 1125; x_wconf 84' lang='lat' dir='ltr'><strong>exigua</strong></span> <span class='ocrx_word' id='word_1_70' title='bbox 1455 1060 1542 1108; x_wconf 89' lang='lat' dir='ltr'><strong>est</strong></span> <span class='ocrx_word' id='word_1_71' title='bbox 1584 1052 1760 1126; x_wconf 90' lang='lat' dir='ltr'><strong>copia</strong></span> <span class='ocrx_word' id='word_1_72' title='bbox 1780 1073 1797 1124; x_wconf 80' lang='lat'>3</span> <span class='ocrx_word' id='word_1_73' title='bbox 1854 1070 1985 1111; x_wconf 89' lang='lat' dir='ltr'><strong>aere</strong></span> <span class='ocrx_word' id='word_1_74' title='bbox 2027 1061 2268 1110; x_wconf 90' lang='lat' dir='ltr'><strong>utuntur</strong></span> 
     </span>
     <span class='ocr_line' id='line_1_10' title="bbox 252 1140 2266 1218; baseline 0.001 -20"><span class='ocrx_word' id='word_1_75' title='bbox 252 1141 592 1214; x_wconf 88' lang='lat' dir='ltr'><strong>importato.</strong></span> <span class='ocrx_word' id='word_1_76' title='bbox 678 1140 925 1197; x_wconf 86' lang='lat' dir='ltr'><strong>Materia</strong></span> <span class='ocrx_word' id='word_1_77' title='bbox 965 1141 1247 1215; x_wconf 87' lang='lat' dir='ltr'><strong>cuiusque</strong></span> <span class='ocrx_word' id='word_1_78' title='bbox 1276 1141 1504 1217; x_wconf 90' lang='lat' dir='ltr'><strong>generis</strong></span> <span class='ocrx_word' id='word_1_79' title='bbox 1531 1151 1596 1199; x_wconf 92' lang='lat' dir='ltr'><strong>ut</strong></span> <span class='ocrx_word' id='word_1_80' title='bbox 1622 1141 1682 1200; x_wconf 93' lang='lat' dir='ltr'><strong>in</strong></span> <span class='ocrx_word' id='word_1_81' title='bbox 1711 1143 1899 1201; x_wconf 90' lang='lat' dir='ltr'><strong>Gallia</strong></span> <span class='ocrx_word' id='word_1_82' title='bbox 1925 1151 2014 1201; x_wconf 90' lang='lat' dir='ltr'><strong>est</strong></span> <span class='ocrx_word' id='word_1_83' title='bbox 2039 1153 2266 1218; x_wconf 89' lang='lat' dir='ltr'><strong>praeter</strong></span> 
     </span>
     <span class='ocr_line' id='line_1_11' title="bbox 255 1231 2356 1309; baseline 0.002 -20"><span class='ocrx_word' id='word_1_84' title='bbox 255 1232 457 1306; x_wconf 89' lang='lat' dir='ltr'><strong>fagum</strong></span> <span class='ocrx_word' id='word_1_85' title='bbox 486 1239 659 1305; x_wconf 90' lang='lat' dir='ltr'><strong>atque</strong></span> <span class='ocrx_word' id='word_1_86' title='bbox 688 1231 962 1289; x_wconf 85' lang='lat' dir='ltr'><strong>abietem.</strong></span> <span class='ocrx_word' id='word_1_87' title='bbox 1052 1231 1341 1306; x_wconf 88' lang='lat' dir='ltr'><strong>Leporem</strong></span> <span class='ocrx_word' id='word_1_88' title='bbox 1372 1241 1433 1290; x_wconf 88' lang='lat' dir='ltr'><strong>et</strong></span> <span class='ocrx_word' id='word_1_89' title='bbox 1458 1232 1727 1307; x_wconf 88' lang='lat' dir='ltr'><strong>gallinam</strong></span> <span class='ocrx_word' id='word_1_90' title='bbox 1759 1241 1817 1290; x_wconf 92' lang='lat' dir='ltr'><strong>et</strong></span> <span class='ocrx_word' id='word_1_91' title='bbox 1845 1251 2109 1292; x_wconf 90' lang='lat' dir='ltr'><strong>anserem</strong></span> <span class='ocrx_word' id='word_1_92' title='bbox 2133 1251 2264 1309; x_wconf 90' lang='lat' dir='ltr'><strong>gus-</strong></span> <span class='ocrx_word' id='word_1_93' title='bbox 2297 1257 2356 1294; x_wconf 90' lang='lat'><strong>10</strong></span> 
     </span>
     <span class='ocr_line' id='line_1_12' title="bbox 254 1321 2266 1399; baseline 0.001 -19"><span class='ocrx_word' id='word_1_94' title='bbox 254 1331 382 1380; x_wconf 82' lang='lat' dir='ltr'><strong>tare</strong></span> <span class='ocrx_word' id='word_1_95' title='bbox 412 1321 496 1379; x_wconf 88' lang='lat' dir='ltr'><strong>fas</strong></span> <span class='ocrx_word' id='word_1_96' title='bbox 533 1339 654 1379; x_wconf 93' lang='lat' dir='ltr'><strong>non</strong></span> <span class='ocrx_word' id='word_1_97' title='bbox 695 1331 940 1396; x_wconf 81' lang='lat' dir='ltr'><strong>putant3</strong></span> <span class='ocrx_word' id='word_1_98' title='bbox 986 1321 1134 1379; x_wconf 89' lang='lat' dir='ltr'><strong>haec</strong></span> <span class='ocrx_word' id='word_1_99' title='bbox 1176 1331 1370 1380; x_wconf 89' lang='lat' dir='ltr'><strong>tamen</strong></span> <span class='ocrx_word' id='word_1_100' title='bbox 1415 1322 1575 1380; x_wconf 93' lang='lat' dir='ltr'><strong>alunt</strong></span> <span class='ocrx_word' id='word_1_101' title='bbox 1616 1323 1795 1381; x_wconf 90' lang='lat' dir='ltr'><strong>animi</strong></span> <span class='ocrx_word' id='word_1_102' title='bbox 1838 1323 2266 1399; x_wconf 87' lang='lat' dir='ltr'><strong>voluptatisque</strong></span> 
     </span>
     <span class='ocr_line' id='line_1_13' title="bbox 256 1412 2266 1489; baseline 0.001 -18"><span class='ocrx_word' id='word_1_103' title='bbox 256 1430 457 1471; x_wconf 86' lang='lat' dir='ltr'><strong>causa.</strong></span> <span class='ocrx_word' id='word_1_104' title='bbox 542 1412 705 1470; x_wconf 92' lang='lat' dir='ltr'><strong>Loca</strong></span> <span class='ocrx_word' id='word_1_105' title='bbox 730 1421 864 1471; x_wconf 89' lang='lat' dir='ltr'><strong>sunt</strong></span> <span class='ocrx_word' id='word_1_106' title='bbox 891 1412 1301 1489; x_wconf 89' lang='lat' dir='ltr'><strong>temperatiora</strong></span> <span class='ocrx_word' id='word_1_107' title='bbox 1328 1431 1506 1488; x_wconf 89' lang='lat' dir='ltr'><strong>quarn</strong></span> <span class='ocrx_word' id='word_1_108' title='bbox 1535 1413 1594 1472; x_wconf 89' lang='lat' dir='ltr'><strong>in</strong></span> <span class='ocrx_word' id='word_1_109' title='bbox 1619 1414 1823 1485; x_wconf 88' lang='lat' dir='ltr'><strong>Gallia,</strong></span> <span class='ocrx_word' id='word_1_110' title='bbox 1847 1415 2266 1474; x_wconf 88' lang='lat' dir='ltr'><strong>remissioribus</strong></span> 
     </span>
     <span class='ocr_line' id='line_1_14' title="bbox 255 1502 585 1580; baseline -0.003 -17"><span class='ocrx_word' id='word_1_111' title='bbox 255 1502 585 1580; x_wconf 64' lang='lat' dir='ltr'><strong>frigoribus</strong></span> 
     </span>
    </p>

    <p class='ocr_par' dir='ltr' id='par_1_3' title="bbox 257 1593 2362 3313">
     <span class='ocr_line' id='line_1_15' title="bbox 340 1593 2268 1670; baseline 0.002 -18"><span class='ocrx_word' id='word_1_112' title='bbox 340 1594 521 1652; x_wconf 90' lang='lat' dir='ltr'>XIII.</span> <span class='ocrx_word' id='word_1_113' title='bbox 565 1593 765 1653; x_wconf 89' lang='lat' dir='ltr'><strong>Insula</strong></span> <span class='ocrx_word' id='word_1_114' title='bbox 798 1603 1002 1652; x_wconf 89' lang='lat' dir='ltr'><strong>natura</strong></span> <span class='ocrx_word' id='word_1_115' title='bbox 1038 1594 1330 1670; x_wconf 77' lang='lat' dir='ltr'><strong>triquetra,</strong></span> <span class='ocrx_word' id='word_1_116' title='bbox 1359 1595 1524 1654; x_wconf 88' lang='lat' dir='ltr'><strong>cuius</strong></span> <span class='ocrx_word' id='word_1_117' title='bbox 1552 1613 1734 1654; x_wconf 89' lang='lat' dir='ltr'><strong>unum</strong></span> <span class='ocrx_word' id='word_1_118' title='bbox 1771 1596 1918 1655; x_wconf 89' lang='lat' dir='ltr'><strong>latus</strong></span> <span class='ocrx_word' id='word_1_119' title='bbox 1947 1605 2036 1655; x_wconf 88' lang='lat' dir='ltr'><strong>est</strong></span> <span class='ocrx_word' id='word_1_120' title='bbox 2063 1605 2268 1655; x_wconf 84' lang='lat' dir='ltr'><strong>contra</strong></span> 
     </span>
     <span class='ocr_line' id='line_1_16' title="bbox 258 1685 2358 1761; baseline -0.001 -15"><span class='ocrx_word' id='word_1_121' title='bbox 258 1685 531 1746; x_wconf 87' lang='lat' dir='ltr'><strong>Galliam.</strong></span> <span class='ocrx_word' id='word_1_122' title='bbox 618 1685 813 1744; x_wconf 90' lang='lat' dir='ltr'><strong>Huius</strong></span> <span class='ocrx_word' id='word_1_123' title='bbox 860 1685 1050 1744; x_wconf 89' lang='lat' dir='ltr'><strong>lateris</strong></span> <span class='ocrx_word' id='word_1_124' title='bbox 1098 1685 1241 1744; x_wconf 91' lang='lat' dir='ltr'><strong>alter</strong></span> <span class='ocrx_word' id='word_1_125' title='bbox 1287 1685 1547 1761; x_wconf 90' lang='lat' dir='ltr'><strong>angulus,</strong></span> <span class='ocrx_word' id='word_1_126' title='bbox 1583 1687 1685 1761; x_wconf 91' lang='lat' dir='ltr'><strong>qui</strong></span> <span class='ocrx_word' id='word_1_127' title='bbox 1727 1696 1816 1745; x_wconf 91' lang='lat' dir='ltr'><strong>est</strong></span> <span class='ocrx_word' id='word_1_128' title='bbox 1856 1687 1932 1746; x_wconf 90' lang='lat' dir='ltr'><strong>ad</strong></span> <span class='ocrx_word' id='word_1_129' title='bbox 1972 1687 2265 1760; x_wconf 89' lang='lat' dir='ltr'><strong>Cantium,</strong></span> <span class='ocrx_word' id='word_1_130' title='bbox 2298 1699 2358 1754; x_wconf 78' lang='lat'><strong>15</strong></span> 
     </span>
     <span class='ocr_line' id='line_1_17' title="bbox 257 1775 2268 1854; baseline 0 -19"><span class='ocrx_word' id='word_1_131' title='bbox 257 1795 385 1854; x_wconf 91' lang='lat' dir='ltr'><strong>quo</strong></span> <span class='ocrx_word' id='word_1_132' title='bbox 430 1776 549 1834; x_wconf 89' lang='lat' dir='ltr'><strong>fere</strong></span> <span class='ocrx_word' id='word_1_133' title='bbox 594 1793 801 1835; x_wconf 90' lang='lat' dir='ltr'><strong>omnes</strong></span> <span class='ocrx_word' id='word_1_134' title='bbox 850 1794 925 1835; x_wconf 86' lang='lat' dir='ltr'><strong>ex</strong></span> <span class='ocrx_word' id='word_1_135' title='bbox 967 1775 1156 1835; x_wconf 90' lang='lat' dir='ltr'><strong>Gallia</strong></span> <span class='ocrx_word' id='word_1_136' title='bbox 1201 1793 1378 1834; x_wconf 87' lang='lat' dir='ltr'><strong>naves</strong></span> <span class='ocrx_word' id='word_1_137' title='bbox 1427 1777 1814 1852; x_wconf 88' lang='lat' dir='ltr'><strong>appelluntur,</strong></span> <span class='ocrx_word' id='word_1_138' title='bbox 1857 1776 1934 1836; x_wconf 93' lang='lat' dir='ltr'><strong>ad</strong></span> <span class='ocrx_word' id='word_1_139' title='bbox 1980 1778 2268 1836; x_wconf 89' lang='lat' dir='ltr'><strong>orientem</strong></span> 
     </span>
     <span class='ocr_line' id='line_1_18' title="bbox 257 1865 2271 1944; baseline -0 -17"><span class='ocrx_word' id='word_1_140' title='bbox 257 1868 467 1940; x_wconf 90' lang='lat' dir='ltr'><strong>solem,</strong></span> <span class='ocrx_word' id='word_1_141' title='bbox 497 1867 731 1925; x_wconf 87' lang='lat' dir='ltr'><strong>inferior</strong></span> <span class='ocrx_word' id='word_1_142' title='bbox 770 1865 847 1925; x_wconf 91' lang='lat' dir='ltr'><strong>ad</strong></span> <span class='ocrx_word' id='word_1_143' title='bbox 889 1867 1193 1925; x_wconf 89' lang='lat' dir='ltr'><strong>meridiem</strong></span> <span class='ocrx_word' id='word_1_144' title='bbox 1237 1876 1481 1942; x_wconf 90' lang='lat' dir='ltr'><strong>spectat.</strong></span> <span class='ocrx_word' id='word_1_145' title='bbox 1567 1869 1709 1926; x_wconf 96' lang='lat' dir='ltr'><strong>Hoc</strong></span> <span class='ocrx_word' id='word_1_146' title='bbox 1749 1868 2000 1944; x_wconf 89' lang='lat' dir='ltr'><strong>pertinet</strong></span> <span class='ocrx_word' id='word_1_147' title='bbox 2041 1867 2271 1927; x_wconf 87' lang='lat' dir='ltr'><strong>circiter</strong></span> 
     </span>
     <span class='ocr_line' id='line_1_19' title="bbox 258 1958 2267 2035; baseline -0 -17"><span class='ocrx_word' id='word_1_148' title='bbox 258 1960 421 2018; x_wconf 91' lang='lat' dir='ltr'><strong>milia</strong></span> <span class='ocrx_word' id='word_1_149' title='bbox 474 1977 751 2035; x_wconf 91' lang='lat' dir='ltr'><strong>passuum</strong></span> <span class='ocrx_word' id='word_1_150' title='bbox 807 1958 1142 2035; x_wconf 87' lang='lat' dir='ltr'><strong>quingenta.</strong></span> <span class='ocrx_word' id='word_1_151' title='bbox 1226 1958 1488 2017; x_wconf 87' lang='lat' dir='ltr'><strong>Alterum</strong></span> <span class='ocrx_word' id='word_1_152' title='bbox 1543 1959 1726 2035; x_wconf 90' lang='lat' dir='ltr'><strong>vergit</strong></span> <span class='ocrx_word' id='word_1_153' title='bbox 1781 1959 1856 2017; x_wconf 89' lang='lat' dir='ltr'><strong>ad</strong></span> <span class='ocrx_word' id='word_1_154' title='bbox 1916 1959 2267 2035; x_wconf 91' lang='lat' dir='ltr'><strong>Hispaniam</strong></span> 
     </span>
     <span class='ocr_line' id='line_1_20' title="bbox 258 2050 2268 2129; baseline -0.001 -16"><span class='ocrx_word' id='word_1_155' title='bbox 258 2062 440 2129; x_wconf 88' lang='lat' dir='ltr'><strong>atque</strong></span> <span class='ocrx_word' id='word_1_156' title='bbox 478 2051 850 2110; x_wconf 89' lang='lat' dir='ltr'><strong>occidentem</strong></span> <span class='ocrx_word' id='word_1_157' title='bbox 880 2051 1067 2111; x_wconf 90' lang='lat' dir='ltr'><strong>solem</strong></span> <span class='ocrx_word' id='word_1_158' title='bbox 1088 2071 1105 2125; x_wconf 81' lang='lat'><em>3</em></span> <span class='ocrx_word' id='word_1_159' title='bbox 1149 2069 1266 2127; x_wconf 89' lang='lat' dir='ltr'><strong>qua</strong></span> <span class='ocrx_word' id='word_1_160' title='bbox 1293 2068 1367 2110; x_wconf 86' lang='lat' dir='ltr'><strong>ex</strong></span> <span class='ocrx_word' id='word_1_161' title='bbox 1393 2059 1558 2127; x_wconf 89' lang='lat' dir='ltr'><strong>parte</strong></span> <span class='ocrx_word' id='word_1_162' title='bbox 1587 2060 1676 2110; x_wconf 90' lang='lat' dir='ltr'><strong>est</strong></span> <span class='ocrx_word' id='word_1_163' title='bbox 1706 2050 1995 2111; x_wconf 90' lang='lat' dir='ltr'><strong>Hibernia</strong></span> <span class='ocrx_word' id='word_1_164' title='bbox 2021 2050 2268 2111; x_wconf 85' lang='lat' dir='ltr'><strong>dimidio</strong></span> 
     </span>
     <span class='ocr_line' id='line_1_21' title="bbox 257 2142 2358 2218; baseline -0.001 -16"><span class='ocrx_word' id='word_1_165' title='bbox 257 2144 472 2215; x_wconf 89' lang='lat' dir='ltr'><strong>minor,</strong></span> <span class='ocrx_word' id='word_1_166' title='bbox 502 2152 567 2201; x_wconf 89' lang='lat' dir='ltr'><strong>ut</strong></span> <span class='ocrx_word' id='word_1_167' title='bbox 593 2142 966 2214; x_wconf 85' lang='lat' dir='ltr'><strong>existimatur,</strong></span> <span class='ocrx_word' id='word_1_168' title='bbox 996 2160 1173 2218; x_wconf 90' lang='lat' dir='ltr'><strong>quam</strong></span> <span class='ocrx_word' id='word_1_169' title='bbox 1208 2142 1520 2213; x_wconf 88' lang='lat' dir='ltr'><strong>Britannia,</strong></span> <span class='ocrx_word' id='word_1_170' title='bbox 1551 2142 1655 2201; x_wconf 89' lang='lat' dir='ltr'><strong>sed</strong></span> <span class='ocrx_word' id='word_1_171' title='bbox 1698 2142 1822 2218; x_wconf 90' lang='lat' dir='ltr'><strong>pari</strong></span> <span class='ocrx_word' id='word_1_172' title='bbox 1857 2144 2047 2218; x_wconf 90' lang='lat' dir='ltr'><strong>spatio</strong></span> <span class='ocrx_word' id='word_1_173' title='bbox 2087 2152 2267 2203; x_wconf 89' lang='lat' dir='ltr'><strong>trans-</strong></span> <span class='ocrx_word' id='word_1_174' title='bbox 2293 2160 2358 2199; x_wconf 87' lang='lat'><strong>20</strong></span> 
     </span>
     <span class='ocr_line' id='line_1_22' title="bbox 258 2234 2269 2309; baseline -0 -15"><span class='ocrx_word' id='word_1_175' title='bbox 258 2235 491 2307; x_wconf 89' lang='lat' dir='ltr'><strong>missus,</strong></span> <span class='ocrx_word' id='word_1_176' title='bbox 520 2244 697 2309; x_wconf 90' lang='lat' dir='ltr'><strong>atque</strong></span> <span class='ocrx_word' id='word_1_177' title='bbox 740 2252 814 2292; x_wconf 86' lang='lat' dir='ltr'><strong>ex</strong></span> <span class='ocrx_word' id='word_1_178' title='bbox 850 2234 1041 2293; x_wconf 88' lang='lat' dir='ltr'><strong>Gallia</strong></span> <span class='ocrx_word' id='word_1_179' title='bbox 1079 2243 1168 2292; x_wconf 89' lang='lat' dir='ltr'><strong>est</strong></span> <span class='ocrx_word' id='word_1_180' title='bbox 1208 2234 1269 2291; x_wconf 92' lang='lat' dir='ltr'><strong>in</strong></span> <span class='ocrx_word' id='word_1_181' title='bbox 1318 2234 1694 2292; x_wconf 91' lang='lat' dir='ltr'><strong>Britanniam.</strong></span> <span class='ocrx_word' id='word_1_182' title='bbox 1784 2235 1856 2292; x_wconf 92' lang='lat' dir='ltr'><strong>In</strong></span> <span class='ocrx_word' id='word_1_183' title='bbox 1904 2235 2019 2293; x_wconf 92' lang='lat' dir='ltr'><strong>hoc</strong></span> <span class='ocrx_word' id='word_1_184' title='bbox 2069 2234 2269 2294; x_wconf 91' lang='lat' dir='ltr'><strong>medio</strong></span> 
     </span>
     <span class='ocr_line' id='line_1_23' title="bbox 258 2323 2270 2401; baseline -0.001 -16"><span class='ocrx_word' id='word_1_185' title='bbox 258 2344 437 2385; x_wconf 88' lang='lat' dir='ltr'><strong>cursu</strong></span> <span class='ocrx_word' id='word_1_186' title='bbox 466 2335 554 2384; x_wconf 91' lang='lat' dir='ltr'><strong>est</strong></span> <span class='ocrx_word' id='word_1_187' title='bbox 580 2324 783 2396; x_wconf 90' lang='lat' dir='ltr'><strong>insula,</strong></span> <span class='ocrx_word' id='word_1_188' title='bbox 817 2342 968 2399; x_wconf 91' lang='lat' dir='ltr'><strong>quae</strong></span> <span class='ocrx_word' id='word_1_189' title='bbox 997 2324 1317 2400; x_wconf 88' lang='lat' dir='ltr'><strong>appellatur</strong></span> <span class='ocrx_word' id='word_1_190' title='bbox 1344 2325 1532 2382; x_wconf 93' lang='lat' dir='ltr'><strong>Mona</strong></span> <span class='ocrx_word' id='word_1_191' title='bbox 1551 2344 1568 2397; x_wconf 76' lang='lat'>5</span> <span class='ocrx_word' id='word_1_192' title='bbox 1612 2323 1942 2399; x_wconf 89' lang='lat' dir='ltr'><strong>complures</strong></span> <span class='ocrx_word' id='word_1_193' title='bbox 1970 2334 2270 2401; x_wconf 91' lang='lat' dir='ltr'><strong>praeterea</strong></span> 
     </span>
     <span class='ocr_line' id='line_1_24' title="bbox 259 2414 2269 2489; baseline -0.001 -13"><span class='ocrx_word' id='word_1_194' title='bbox 259 2417 521 2476; x_wconf 89' lang='lat' dir='ltr'><strong>minores</strong></span> <span class='ocrx_word' id='word_1_195' title='bbox 576 2416 872 2474; x_wconf 91' lang='lat' dir='ltr'><strong>subiectae</strong></span> <span class='ocrx_word' id='word_1_196' title='bbox 918 2414 1139 2472; x_wconf 90' lang='lat' dir='ltr'><strong>insulae</strong></span> <span class='ocrx_word' id='word_1_197' title='bbox 1196 2414 1631 2487; x_wconf 82' lang='lat' dir='ltr'><strong>existimantur3</strong></span> <span class='ocrx_word' id='word_1_198' title='bbox 1687 2414 1764 2473; x_wconf 89' lang='lat' dir='ltr'><strong>de</strong></span> <span class='ocrx_word' id='word_1_199' title='bbox 1814 2415 2023 2489; x_wconf 90' lang='lat' dir='ltr'><strong>quibus</strong></span> <span class='ocrx_word' id='word_1_200' title='bbox 2071 2416 2269 2475; x_wconf 90' lang='lat' dir='ltr'><strong>insulis</strong></span> 
     </span>
     <span class='ocr_line' id='line_1_25' title="bbox 258 2504 2270 2581; baseline -0.001 -14"><span class='ocrx_word' id='word_1_201' title='bbox 258 2507 530 2567; x_wconf 90' lang='lat' dir='ltr'><strong>nonnulli</strong></span> <span class='ocrx_word' id='word_1_202' title='bbox 556 2507 925 2581; x_wconf 90' lang='lat' dir='ltr'><strong>scripserunt,</strong></span> <span class='ocrx_word' id='word_1_203' title='bbox 956 2504 1081 2563; x_wconf 90' lang='lat' dir='ltr'><strong>dies</strong></span> <span class='ocrx_word' id='word_1_204' title='bbox 1123 2504 1434 2563; x_wconf 90' lang='lat' dir='ltr'><strong>continuos</strong></span> <span class='ocrx_word' id='word_1_205' title='bbox 1477 2505 1708 2580; x_wconf 90' lang='lat' dir='ltr'><strong>triginta</strong></span> <span class='ocrx_word' id='word_1_206' title='bbox 1749 2506 1857 2564; x_wconf 90' lang='lat' dir='ltr'><strong>sub</strong></span> <span class='ocrx_word' id='word_1_207' title='bbox 1899 2506 2106 2564; x_wconf 87' lang='lat' dir='ltr'><strong>bruma</strong></span> <span class='ocrx_word' id='word_1_208' title='bbox 2143 2525 2270 2565; x_wconf 89' lang='lat' dir='ltr'><strong>esse</strong></span> 
     </span>
     <span class='ocr_line' id='line_1_26' title="bbox 258 2594 2358 2674; baseline -0 -16"><span class='ocrx_word' id='word_1_209' title='bbox 258 2607 522 2658; x_wconf 87' lang='lat' dir='ltr'><strong>noctem.</strong></span> <span class='ocrx_word' id='word_1_210' title='bbox 608 2598 737 2655; x_wconf 90' lang='lat' dir='ltr'><strong>Nos</strong></span> <span class='ocrx_word' id='word_1_211' title='bbox 784 2596 926 2655; x_wconf 91' lang='lat' dir='ltr'><strong>nihil</strong></span> <span class='ocrx_word' id='word_1_212' title='bbox 974 2594 1051 2653; x_wconf 91' lang='lat' dir='ltr'><strong>de</strong></span> <span class='ocrx_word' id='word_1_213' title='bbox 1102 2613 1177 2654; x_wconf 91' lang='lat' dir='ltr'><strong>eo</strong></span> <span class='ocrx_word' id='word_1_214' title='bbox 1225 2595 1764 2671; x_wconf 89' lang='lat' dir='ltr'><strong>percontationibus</strong></span> <span class='ocrx_word' id='word_1_215' title='bbox 1819 2597 2268 2672; x_wconf 80' lang='lat' dir='ltr'><strong>reperiebamuS,</strong></span> <span class='ocrx_word' id='word_1_216' title='bbox 2297 2620 2358 2674; x_wconf 83' lang='lat'><strong>²5</strong></span> 
     </span>
     <span class='ocr_line' id='line_1_27' title="bbox 260 2686 2268 2762; baseline -0.001 -14"><span class='ocrx_word' id='word_1_217' title='bbox 260 2689 373 2748; x_wconf 90' lang='lat' dir='ltr'><strong>nisi</strong></span> <span class='ocrx_word' id='word_1_218' title='bbox 411 2688 583 2746; x_wconf 88' lang='lat' dir='ltr'><strong>certis</strong></span> <span class='ocrx_word' id='word_1_219' title='bbox 626 2704 701 2745; x_wconf 87' lang='lat' dir='ltr'><strong>ex</strong></span> <span class='ocrx_word' id='word_1_220' title='bbox 740 2703 893 2762; x_wconf 91' lang='lat' dir='ltr'><strong>aqua</strong></span> <span class='ocrx_word' id='word_1_221' title='bbox 932 2686 1214 2745; x_wconf 88' lang='lat' dir='ltr'><strong>mensuris</strong></span> <span class='ocrx_word' id='word_1_222' title='bbox 1255 2686 1550 2745; x_wconf 89' lang='lat' dir='ltr'><strong>breviores</strong></span> <span class='ocrx_word' id='word_1_223' title='bbox 1593 2704 1718 2743; x_wconf 89' lang='lat' dir='ltr'><strong>esse</strong></span> <span class='ocrx_word' id='word_1_224' title='bbox 1761 2704 1939 2761; x_wconf 91' lang='lat' dir='ltr'><strong>quam</strong></span> <span class='ocrx_word' id='word_1_225' title='bbox 1981 2687 2040 2743; x_wconf 90' lang='lat' dir='ltr'><strong>in</strong></span> <span class='ocrx_word' id='word_1_226' title='bbox 2083 2689 2268 2745; x_wconf 89' lang='lat' dir='ltr'><strong>conti-</strong></span> 
     </span>
     <span class='ocr_line' id='line_1_28' title="bbox 260 2767 2272 2853; baseline -0 -13"><span class='ocrx_word' id='word_1_227' title='bbox 260 2767 428 2841; x_wconf 60' lang='lat' dir='ltr'><strong>neri&#39;ti</strong></span> <span class='ocrx_word' id='word_1_228' title='bbox 469 2789 677 2837; x_wconf 87' lang='lat' dir='ltr'><strong>noctes</strong></span> <span class='ocrx_word' id='word_1_229' title='bbox 703 2778 1062 2837; x_wconf 89' lang='lat' dir='ltr'><strong>videbamus.</strong></span> <span class='ocrx_word' id='word_1_230' title='bbox 1149 2778 1345 2836; x_wconf 91' lang='lat' dir='ltr'><strong>Huius</strong></span> <span class='ocrx_word' id='word_1_231' title='bbox 1376 2786 1464 2835; x_wconf 89' lang='lat' dir='ltr'><strong>est</strong></span> <span class='ocrx_word' id='word_1_232' title='bbox 1500 2776 1807 2853; x_wconf 87' lang='lat' dir='ltr'><strong>longitudo</strong></span> <span class='ocrx_word' id='word_1_233' title='bbox 1837 2778 2042 2850; x_wconf 79' lang='lat' dir='ltr'><strong>lateriS,</strong></span> <span class='ocrx_word' id='word_1_234' title='bbox 2072 2786 2136 2836; x_wconf 88' lang='lat' dir='ltr'><strong>ut</strong></span> <span class='ocrx_word' id='word_1_235' title='bbox 2163 2780 2272 2839; x_wconf 86' lang='lat' dir='ltr'><strong>sert</strong></span> 
     </span>
     <span class='ocr_line' id='line_1_29' title="bbox 260 2868 2272 2948; baseline -0.002 -17"><span class='ocrx_word' id='word_1_236' title='bbox 260 2872 491 2932; x_wconf 89' lang='lat' dir='ltr'><strong>illorum</strong></span> <span class='ocrx_word' id='word_1_237' title='bbox 536 2870 756 2948; x_wconf 91' lang='lat' dir='ltr'><strong>opinio,</strong></span> <span class='ocrx_word' id='word_1_238' title='bbox 797 2869 1297 2944; x_wconf 89' lang='lat' dir='ltr'><strong>septingentorum</strong></span> <span class='ocrx_word' id='word_1_239' title='bbox 1334 2868 1576 2925; x_wconf 90' lang='lat' dir='ltr'><strong>milium.</strong></span> <span class='ocrx_word' id='word_1_240' title='bbox 1659 2869 1920 2925; x_wconf 88' lang='lat' dir='ltr'><strong>Tertium</strong></span> <span class='ocrx_word' id='word_1_241' title='bbox 1951 2878 2040 2926; x_wconf 89' lang='lat' dir='ltr'><strong>est</strong></span> <span class='ocrx_word' id='word_1_242' title='bbox 2068 2879 2272 2927; x_wconf 88' lang='lat' dir='ltr'><strong>contra</strong></span> 
     </span>
     <span class='ocr_line' id='line_1_30' title="bbox 260 2958 2268 3038; baseline -0.002 -16"><span class='ocrx_word' id='word_1_243' title='bbox 260 2961 729 3038; x_wconf 87' lang='lat' dir='ltr'><strong>septentriones;</strong></span> <span class='ocrx_word' id='word_1_244' title='bbox 771 2960 866 3018; x_wconf 91' lang='lat' dir='ltr'><strong>cui</strong></span> <span class='ocrx_word' id='word_1_245' title='bbox 906 2960 1052 3035; x_wconf 86' lang='lat' dir='ltr'><strong>parti</strong></span> <span class='ocrx_word' id='word_1_246' title='bbox 1095 2959 1249 3017; x_wconf 91' lang='lat' dir='ltr'><strong>nulla</strong></span> <span class='ocrx_word' id='word_1_247' title='bbox 1290 2968 1377 3017; x_wconf 90' lang='lat' dir='ltr'><strong>est</strong></span> <span class='ocrx_word' id='word_1_248' title='bbox 1420 2958 1651 3016; x_wconf 88' lang='lat' dir='ltr'><strong>obiecta</strong></span> <span class='ocrx_word' id='word_1_249' title='bbox 1683 2968 1850 3030; x_wconf 87' lang='lat' dir='ltr'><strong>terra,</strong></span> <span class='ocrx_word' id='word_1_250' title='bbox 1881 2959 1989 3018; x_wconf 89' lang='lat' dir='ltr'><strong>sed</strong></span> <span class='ocrx_word' id='word_1_251' title='bbox 2017 2960 2139 3018; x_wconf 90' lang='lat' dir='ltr'><strong>eius</strong></span> <span class='ocrx_word' id='word_1_252' title='bbox 2169 2979 2268 3018; x_wconf 92' lang='lat' dir='ltr'><strong>an-</strong></span> 
     </span>
     <span class='ocr_line' id='line_1_31' title="bbox 258 3049 2362 3130; baseline -0.004 -19"><span class='ocrx_word' id='word_1_253' title='bbox 258 3053 429 3130; x_wconf 90' lang='lat' dir='ltr'><strong>gulus</strong></span> <span class='ocrx_word' id='word_1_254' title='bbox 486 3051 677 3109; x_wconf 89' lang='lat' dir='ltr'><strong>lateris</strong></span> <span class='ocrx_word' id='word_1_255' title='bbox 728 3051 979 3109; x_wconf 88' lang='lat' dir='ltr'><strong>maxime</strong></span> <span class='ocrx_word' id='word_1_256' title='bbox 1028 3049 1106 3107; x_wconf 89' lang='lat' dir='ltr'><strong>ad</strong></span> <span class='ocrx_word' id='word_1_257' title='bbox 1156 3050 1532 3109; x_wconf 88' lang='lat' dir='ltr'><strong>Germaniam</strong></span> <span class='ocrx_word' id='word_1_258' title='bbox 1583 3058 1820 3125; x_wconf 84' lang='lat' dir='ltr'><strong>spectat.</strong></span> <span class='ocrx_word' id='word_1_259' title='bbox 1924 3051 2068 3108; x_wconf 92' lang='lat' dir='ltr'><strong>Hoc</strong></span> <span class='ocrx_word' id='word_1_260' title='bbox 2116 3052 2273 3109; x_wconf 89' lang='lat' dir='ltr'><strong>milia</strong></span> <span class='ocrx_word' id='word_1_261' title='bbox 2297 3067 2362 3118; x_wconf 88' lang='lat'><strong>30</strong></span> 
     </span>
     <span class='ocr_line' id='line_1_32' title="bbox 258 3143 2273 3224; baseline -0.001 -19"><span class='ocrx_word' id='word_1_262' title='bbox 258 3164 541 3224; x_wconf 84' lang='lat' dir='ltr'><strong>passuum</strong></span> <span class='ocrx_word' id='word_1_263' title='bbox 586 3145 923 3220; x_wconf 87' lang='lat' dir='ltr'><strong>octingenta</strong></span> <span class='ocrx_word' id='word_1_264' title='bbox 964 3145 1024 3201; x_wconf 90' lang='lat' dir='ltr'><strong>in</strong></span> <span class='ocrx_word' id='word_1_265' title='bbox 1073 3143 1500 3219; x_wconf 89' lang='lat' dir='ltr'><strong>longitudinem</strong></span> <span class='ocrx_word' id='word_1_266' title='bbox 1547 3162 1675 3201; x_wconf 89' lang='lat' dir='ltr'><strong>esse</strong></span> <span class='ocrx_word' id='word_1_267' title='bbox 1723 3144 2094 3202; x_wconf 86' lang='lat' dir='ltr'><strong>existimatur.</strong></span> <span class='ocrx_word' id='word_1_268' title='bbox 2180 3145 2273 3203; x_wconf 90' lang='lat' dir='ltr'><strong>Ita</strong></span> 
     </span>
     <span class='ocr_line' id='line_1_33' title="bbox 258 3236 2190 3313; baseline -0.001 -13"><span class='ocrx_word' id='word_1_269' title='bbox 258 3240 457 3301; x_wconf 90' lang='lat' dir='ltr'><strong>omnis</strong></span> <span class='ocrx_word' id='word_1_270' title='bbox 486 3239 672 3297; x_wconf 90' lang='lat' dir='ltr'><strong>insula</strong></span> <span class='ocrx_word' id='word_1_271' title='bbox 700 3248 787 3296; x_wconf 87' lang='lat' dir='ltr'><strong>est</strong></span> <span class='ocrx_word' id='word_1_272' title='bbox 814 3237 872 3295; x_wconf 91' lang='lat' dir='ltr'><strong>in</strong></span> <span class='ocrx_word' id='word_1_273' title='bbox 902 3238 1146 3295; x_wconf 90' lang='lat' dir='ltr'><strong>circuitu</strong></span> <span class='ocrx_word' id='word_1_274' title='bbox 1172 3237 1349 3295; x_wconf 89' lang='lat' dir='ltr'><strong>vicies</strong></span> <span class='ocrx_word' id='word_1_275' title='bbox 1378 3247 1616 3295; x_wconf 91' lang='lat' dir='ltr'><strong>centum</strong></span> <span class='ocrx_word' id='word_1_276' title='bbox 1646 3236 1867 3295; x_wconf 90' lang='lat' dir='ltr'><strong>milium</strong></span> <span class='ocrx_word' id='word_1_277' title='bbox 1895 3256 2190 3313; x_wconf 89' lang='lat' dir='ltr'><strong>passuum.</strong></span> 
     </span>
    </p>

    <p class='ocr_par' dir='ltr' id='par_1_4' title="bbox 256 3330 2360 3861">
     <span class='ocr_line' id='line_1_34' title="bbox 340 3330 2271 3406; baseline 0 -15"><span class='ocrx_word' id='word_1_278' title='bbox 340 3333 505 3391; x_wconf 92' lang='lat' dir='ltr'>XIV.</span> <span class='ocrx_word' id='word_1_279' title='bbox 552 3333 645 3389; x_wconf 85' lang='lat' dir='ltr'><strong>Ex</strong></span> <span class='ocrx_word' id='word_1_280' title='bbox 666 3331 753 3388; x_wconf 90' lang='lat' dir='ltr'><strong>his</strong></span> <span class='ocrx_word' id='word_1_281' title='bbox 776 3331 1047 3389; x_wconf 89' lang='lat' dir='ltr'><strong>omnibus</strong></span> <span class='ocrx_word' id='word_1_282' title='bbox 1068 3331 1241 3406; x_wconf 92' lang='lat' dir='ltr'><strong>longe</strong></span> <span class='ocrx_word' id='word_1_283' title='bbox 1270 3341 1406 3389; x_wconf 90' lang='lat' dir='ltr'><strong>sunt</strong></span> <span class='ocrx_word' id='word_1_284' title='bbox 1433 3330 1848 3404; x_wconf 90' lang='lat' dir='ltr'><strong>humanissimi,</strong></span> <span class='ocrx_word' id='word_1_285' title='bbox 1873 3332 1970 3405; x_wconf 93' lang='lat' dir='ltr'><strong>qui</strong></span> <span class='ocrx_word' id='word_1_286' title='bbox 1997 3332 2271 3391; x_wconf 89' lang='lat' dir='ltr'><strong>Cantium</strong></span> 
     </span>
     <span class='ocr_line' id='line_1_35' title="bbox 256 3421 2274 3497; baseline -0 -14"><span class='ocrx_word' id='word_1_287' title='bbox 256 3424 547 3496; x_wconf 88' lang='lat' dir='ltr'><strong>incolunt,</strong></span> <span class='ocrx_word' id='word_1_288' title='bbox 592 3440 742 3497; x_wconf 90' lang='lat' dir='ltr'><strong>quae</strong></span> <span class='ocrx_word' id='word_1_289' title='bbox 790 3421 951 3496; x_wconf 89' lang='lat' dir='ltr'><strong>regio</strong></span> <span class='ocrx_word' id='word_1_290' title='bbox 1001 3431 1087 3479; x_wconf 89' lang='lat' dir='ltr'><strong>est</strong></span> <span class='ocrx_word' id='word_1_291' title='bbox 1135 3422 1420 3480; x_wconf 89' lang='lat' dir='ltr'><strong>maritima</strong></span> <span class='ocrx_word' id='word_1_292' title='bbox 1461 3421 1672 3495; x_wconf 81' lang='lat' dir='ltr'><strong>omniS,</strong></span> <span class='ocrx_word' id='word_1_293' title='bbox 1713 3439 1908 3497; x_wconf 89' lang='lat' dir='ltr'><strong>neque</strong></span> <span class='ocrx_word' id='word_1_294' title='bbox 1950 3423 2196 3481; x_wconf 89' lang='lat' dir='ltr'><strong>multum</strong></span> <span class='ocrx_word' id='word_1_295' title='bbox 2237 3426 2274 3482; x_wconf 83' lang='lat' dir='ltr'><strong>a</strong></span> 
     </span>
     <span class='ocr_line' id='line_1_36' title="bbox 258 3511 2360 3588; baseline 0 -13"><span class='ocrx_word' id='word_1_296' title='bbox 258 3516 492 3576; x_wconf 89' lang='lat' dir='ltr'><strong>Gallica</strong></span> <span class='ocrx_word' id='word_1_297' title='bbox 520 3512 791 3571; x_wconf 90' lang='lat' dir='ltr'><strong>differunt</strong></span> <span class='ocrx_word' id='word_1_298' title='bbox 823 3511 1266 3569; x_wconf 89' lang='lat' dir='ltr'><strong>consuetudine.</strong></span> <span class='ocrx_word' id='word_1_299' title='bbox 1353 3513 1667 3570; x_wconf 89' lang='lat' dir='ltr'><strong>Interiores</strong></span> <span class='ocrx_word' id='word_1_300' title='bbox 1695 3512 1956 3588; x_wconf 89' lang='lat' dir='ltr'><strong>plerique</strong></span> <span class='ocrx_word' id='word_1_301' title='bbox 1985 3514 2274 3572; x_wconf 88' lang='lat' dir='ltr'><strong>frumenta</strong></span> <span class='ocrx_word' id='word_1_302' title='bbox 2296 3525 2360 3577; x_wconf 87' lang='grc'><strong>35</strong></span> 
     </span>
     <span class='ocr_line' id='line_1_37' title="bbox 256 3604 2266 3679; baseline -0.002 -12"><span class='ocrx_word' id='word_1_303' title='bbox 256 3626 384 3667; x_wconf 91' lang='lat' dir='ltr'><strong>non</strong></span> <span class='ocrx_word' id='word_1_304' title='bbox 414 3614 634 3675; x_wconf 85' lang='lat' dir='ltr'><strong>serunt,</strong></span> <span class='ocrx_word' id='word_1_305' title='bbox 665 3604 769 3661; x_wconf 90' lang='lat' dir='ltr'><strong>sed</strong></span> <span class='ocrx_word' id='word_1_306' title='bbox 797 3604 947 3661; x_wconf 89' lang='lat' dir='ltr'><strong>lacte</strong></span> <span class='ocrx_word' id='word_1_307' title='bbox 978 3612 1036 3660; x_wconf 91' lang='lat' dir='ltr'><strong>et</strong></span> <span class='ocrx_word' id='word_1_308' title='bbox 1063 3621 1235 3660; x_wconf 91' lang='lat' dir='ltr'><strong>carne</strong></span> <span class='ocrx_word' id='word_1_309' title='bbox 1265 3604 1462 3661; x_wconf 87' lang='lat' dir='ltr'><strong>vivunt</strong></span> <span class='ocrx_word' id='word_1_310' title='bbox 1503 3604 1864 3679; x_wconf 90' lang='lat' dir='ltr'><strong>pellibusque</strong></span> <span class='ocrx_word' id='word_1_311' title='bbox 1903 3614 2036 3663; x_wconf 89' lang='lat' dir='ltr'><strong>sunt</strong></span> <span class='ocrx_word' id='word_1_312' title='bbox 2061 3604 2266 3663; x_wconf 90' lang='lat' dir='ltr'><strong>vestiti.</strong></span> 
     </span>
     <span class='ocr_line' id='line_1_38' title="bbox 258 3692 2273 3767; baseline -0.002 -10"><span class='ocrx_word' id='word_1_313' title='bbox 258 3700 494 3759; x_wconf 87' lang='lat' dir='ltr'><strong>Omnes</strong></span> <span class='ocrx_word' id='word_1_314' title='bbox 517 3713 653 3751; x_wconf 89' lang='lat' dir='ltr'><strong>vero</strong></span> <span class='ocrx_word' id='word_1_315' title='bbox 685 3713 745 3751; x_wconf 89' lang='lat' dir='ltr'><strong>se</strong></span> <span class='ocrx_word' id='word_1_316' title='bbox 776 3693 1034 3751; x_wconf 87' lang='lat' dir='ltr'><strong>Britanni</strong></span> <span class='ocrx_word' id='word_1_317' title='bbox 1056 3694 1201 3749; x_wconf 89' lang='lat' dir='ltr'><strong>vitro</strong></span> <span class='ocrx_word' id='word_1_318' title='bbox 1231 3694 1510 3765; x_wconf 88' lang='lat' dir='ltr'><strong>inficiunt,</strong></span> <span class='ocrx_word' id='word_1_319' title='bbox 1543 3692 1706 3767; x_wconf 91' lang='lat' dir='ltr'><strong>quod</strong></span> <span class='ocrx_word' id='word_1_320' title='bbox 1735 3695 2065 3754; x_wconf 87' lang='lat' dir='ltr'><strong>caeruleum</strong></span> <span class='ocrx_word' id='word_1_321' title='bbox 2095 3695 2273 3753; x_wconf 88' lang='lat' dir='ltr'><strong>efficit</strong></span> 
     </span>
     <span class='ocr_line' id='line_1_39' title="bbox 258 3782 2268 3861; baseline -0.003 -13"><span class='ocrx_word' id='word_1_322' title='bbox 258 3791 547 3857; x_wconf 90' lang='lat' dir='ltr'><strong>colorem,</strong></span> <span class='ocrx_word' id='word_1_323' title='bbox 570 3795 744 3861; x_wconf 89' lang='lat' dir='ltr'><strong>atque</strong></span> <span class='ocrx_word' id='word_1_324' title='bbox 772 3784 889 3841; x_wconf 91' lang='lat' dir='ltr'><strong>hoc</strong></span> <span class='ocrx_word' id='word_1_325' title='bbox 918 3782 1269 3841; x_wconf 89' lang='lat' dir='ltr'><strong>horridiores</strong></span> <span class='ocrx_word' id='word_1_326' title='bbox 1297 3792 1432 3842; x_wconf 88' lang='lat' dir='ltr'><strong>sunt</strong></span> <span class='ocrx_word' id='word_1_327' title='bbox 1459 3784 1518 3840; x_wconf 91' lang='lat' dir='ltr'><strong>in</strong></span> <span class='ocrx_word' id='word_1_328' title='bbox 1547 3801 1743 3857; x_wconf 91' lang='lat' dir='ltr'><strong>pugna</strong></span> <span class='ocrx_word' id='word_1_329' title='bbox 1771 3794 2009 3859; x_wconf 89' lang='lat' dir='ltr'><strong>aspectu</strong></span> <span class='ocrx_word' id='word_1_330' title='bbox 2033 3806 2050 3857; x_wconf 81' lang='lat'>3</span> <span class='ocrx_word' id='word_1_331' title='bbox 2094 3785 2268 3861; x_wconf 91' lang='lat' dir='ltr'><strong>capil-</strong></span> 
     </span>
    </p>
   </div>
   <div class='ocr_carea' id='block_1_3' title="bbox 1258 3913 1291 3961">
    <p class='ocr_par' dir='ltr' id='par_1_5' title="bbox 1258 3913 1291 3961">
     <span class='ocr_line' id='line_1_40' title="bbox 1258 3913 1291 3961; baseline 0 0"><span class='ocrx_word' id='word_1_332' title='bbox 1258 3913 1291 3961; x_wconf 92' lang='lat'><strong>9</strong></span> 
     </span>
    </p>
   </div>
  </div>
 </body>
</html>
