<?xml version="1.0" encoding="UTF-8"?>
<!DOCTYPE html PUBLIC "-//W3C//DTD XHTML 1.0 Transitional//EN"
    "http://www.w3.org/TR/xhtml1/DTD/xhtml1-transitional.dtd">
<html xmlns="http://www.w3.org/1999/xhtml" xml:lang="en" lang="en">
 <head>
  <title>
</title>
<meta http-equiv="Content-Type" content="text/html;charset=utf-8" />
  <meta name='ocr-system' content='tesseract 3.04.00' />
  <meta name='ocr-capabilities' content='ocr_page ocr_carea ocr_par ocr_line ocrx_word'/>
</head>
<body>
  <div class='ocr_page' id='page_1' title='image "./ciulicaesarisde00kelsgoog_0205.png"; bbox 0 0 2796 4207; ppageno 0'>
   <div class='ocr_carea' id='block_1_1' title="bbox 880 249 2327 323">
    <p class='ocr_par' dir='ltr' id='par_1_1' title="bbox 880 249 2327 323">
     <span class='ocr_line' id='line_1_1' title="bbox 880 249 2327 323; baseline -0.006 -1"><span class='ocrx_word' id='word_1_1' title='bbox 880 268 1029 323; x_wconf 87' lang='lat' dir='ltr'>LIB.</span> <span class='ocrx_word' id='word_1_2' title='bbox 1070 269 1175 321; x_wconf 83' lang='lat' dir='ltr'>V1.</span> <span class='ocrx_word' id='word_1_3' title='bbox 1221 269 1390 322; x_wconf 85' lang='lat' dir='ltr'>CAP.</span> <span class='ocrx_word' id='word_1_4' title='bbox 1435 268 1670 322; x_wconf 78' lang='lat' dir='ltr'>x-X11.</span> <span class='ocrx_word' id='word_1_5' title='bbox 2202 249 2327 315; x_wconf 83' lang='lat'>155</span> 
     </span>
    </p>
   </div>
   <div class='ocr_carea' id='block_1_2' title="bbox 212 430 2320 3707">
    <p class='ocr_par' dir='ltr' id='par_1_2' title="bbox 214 430 2320 1421">
     <span class='ocr_line' id='line_1_2' title="bbox 307 430 2232 507; baseline -0.002 -14"><span class='ocrx_word' id='word_1_6' title='bbox 307 434 382 493; x_wconf 89' lang='lat' dir='ltr'>In</span> <span class='ocrx_word' id='word_1_7' title='bbox 412 432 598 493; x_wconf 82' lang='lat' dir='ltr'>Gallia</span> <span class='ocrx_word' id='word_1_8' title='bbox 624 450 747 491; x_wconf 88' lang='lat' dir='ltr'>non</span> <span class='ocrx_word' id='word_1_9' title='bbox 774 432 962 491; x_wconf 90' lang='lat' dir='ltr'>solum</span> <span class='ocrx_word' id='word_1_10' title='bbox 993 433 1053 489; x_wconf 94' lang='lat' dir='ltr'>in</span> <span class='ocrx_word' id='word_1_11' title='bbox 1080 431 1353 490; x_wconf 90' lang='lat' dir='ltr'>omnibus</span> <span class='ocrx_word' id='word_1_12' title='bbox 1387 431 1714 490; x_wconf 85' lang='lat' dir='ltr'>civitatibus</span> <span class='ocrx_word' id='word_1_13' title='bbox 1751 441 1927 507; x_wconf 90' lang='lat' dir='ltr'>atque</span> <span class='ocrx_word' id='word_1_14' title='bbox 1955 430 2018 490; x_wconf 91' lang='lat' dir='ltr'>in</span> <span class='ocrx_word' id='word_1_15' title='bbox 2043 430 2232 489; x_wconf 81' lang='lat' dir='ltr'>omni-</span> 
     </span>
     <span class='ocr_line' id='line_1_3' title="bbox 220 520 2234 600; baseline -0.003 -15"><span class='ocrx_word' id='word_1_16' title='bbox 220 525 335 585; x_wconf 86' lang='lat' dir='ltr'>bus</span> <span class='ocrx_word' id='word_1_17' title='bbox 379 524 545 600; x_wconf 87' lang='lat' dir='ltr'>pagis</span> <span class='ocrx_word' id='word_1_18' title='bbox 595 522 991 600; x_wconf 89' lang='lat' dir='ltr'>partibusque,</span> <span class='ocrx_word' id='word_1_19' title='bbox 1034 521 1142 580; x_wconf 90' lang='lat' dir='ltr'>sed</span> <span class='ocrx_word' id='word_1_20' title='bbox 1190 539 1379 598; x_wconf 88' lang='lat' dir='ltr'>paene</span> <span class='ocrx_word' id='word_1_21' title='bbox 1427 523 1604 581; x_wconf 91' lang='lat' dir='ltr'>etiam</span> <span class='ocrx_word' id='word_1_22' title='bbox 1654 523 1714 580; x_wconf 93' lang='lat' dir='ltr'>in</span> <span class='ocrx_word' id='word_1_23' title='bbox 1763 521 1999 598; x_wconf 89' lang='lat' dir='ltr'>singulis</span> <span class='ocrx_word' id='word_1_24' title='bbox 2044 520 2234 581; x_wconf 88' lang='lat' dir='ltr'>domi·</span> 
     </span>
     <span class='ocr_line' id='line_1_4' title="bbox 216 613 2235 689; baseline -0.002 -14"><span class='ocrx_word' id='word_1_25' title='bbox 216 615 334 675; x_wconf 92' lang='lat' dir='ltr'>bus</span> <span class='ocrx_word' id='word_1_26' title='bbox 375 615 662 675; x_wconf 86' lang='lat' dir='ltr'>factiones</span> <span class='ocrx_word' id='word_1_27' title='bbox 704 625 855 687; x_wconf 88' lang='lat' dir='ltr'>sunt,</span> <span class='ocrx_word' id='word_1_28' title='bbox 887 632 1203 689; x_wconf 89' lang='lat' dir='ltr'>earumque</span> <span class='ocrx_word' id='word_1_29' title='bbox 1243 614 1563 672; x_wconf 89' lang='lat' dir='ltr'>factionum</span> <span class='ocrx_word' id='word_1_30' title='bbox 1604 614 1898 689; x_wconf 83' lang='lat' dir='ltr'>principes</span> <span class='ocrx_word' id='word_1_31' title='bbox 1941 622 2092 685; x_wconf 89' lang='lat' dir='ltr'>sunt,</span> <span class='ocrx_word' id='word_1_32' title='bbox 2133 613 2235 688; x_wconf 89' lang='lat' dir='ltr'>qui</span> 
     </span>
     <span class='ocr_line' id='line_1_5' title="bbox 216 703 2232 777; baseline -0.001 -13"><span class='ocrx_word' id='word_1_33' title='bbox 216 724 517 765; x_wconf 88' lang='lat' dir='ltr'>summam</span> <span class='ocrx_word' id='word_1_34' title='bbox 572 706 977 764; x_wconf 91' lang='lat' dir='ltr'>auctoritatem</span> <span class='ocrx_word' id='word_1_35' title='bbox 1027 723 1227 763; x_wconf 89' lang='lat' dir='ltr'>eorum</span> <span class='ocrx_word' id='word_1_36' title='bbox 1277 703 1496 763; x_wconf 91' lang='lat' dir='ltr'>iudicio</span> <span class='ocrx_word' id='word_1_37' title='bbox 1545 704 1761 769; x_wconf 86' lang='lat' dir='ltr'>habere</span> <span class='ocrx_word' id='word_1_38' title='bbox 1817 705 2232 777; x_wconf 86' lang='lat' dir='ltr'><strong>existimantur,</strong></span> 
     </span>
     <span class='ocr_line' id='line_1_6' title="bbox 216 796 2290 873; baseline -0 -18"><span class='ocrx_word' id='word_1_39' title='bbox 216 814 475 873; x_wconf 90' lang='lat' dir='ltr'>quorum</span> <span class='ocrx_word' id='word_1_40' title='bbox 524 797 601 855; x_wconf 92' lang='lat' dir='ltr'>ad</span> <span class='ocrx_word' id='word_1_41' title='bbox 651 798 945 855; x_wconf 86' lang='lat' dir='ltr'><strong>arbitrium</strong></span> <span class='ocrx_word' id='word_1_42' title='bbox 994 796 1395 871; x_wconf 91' lang='lat' dir='ltr'>iudiciumque</span> <span class='ocrx_word' id='word_1_43' title='bbox 1445 815 1675 855; x_wconf 90' lang='lat' dir='ltr'>summa</span> <span class='ocrx_word' id='word_1_44' title='bbox 1721 796 1984 855; x_wconf 90' lang='lat' dir='ltr'>omnium</span> <span class='ocrx_word' id='word_1_45' title='bbox 2040 813 2232 854; x_wconf 90' lang='lat' dir='ltr'>rerum</span> <span class='ocrx_word' id='word_1_46' title='bbox 2263 814 2290 867; x_wconf 83' lang='lat'>5</span> 
     </span>
     <span class='ocr_line' id='line_1_7' title="bbox 216 888 2234 964; baseline -0.003 -13"><span class='ocrx_word' id='word_1_47' title='bbox 216 889 716 963; x_wconf 83' lang='lat' dir='ltr'>consiliorumque</span> <span class='ocrx_word' id='word_1_48' title='bbox 757 888 977 946; x_wconf 89' lang='lat' dir='ltr'>redeat.</span> <span class='ocrx_word' id='word_1_49' title='bbox 1064 889 1269 964; x_wconf 91' lang='lat' dir='ltr'>Itaque</span> <span class='ocrx_word' id='word_1_50' title='bbox 1313 888 1436 945; x_wconf 91' lang='lat' dir='ltr'>eius</span> <span class='ocrx_word' id='word_1_51' title='bbox 1473 888 1556 945; x_wconf 92' lang='lat' dir='ltr'>rei</span> <span class='ocrx_word' id='word_1_52' title='bbox 1591 905 1768 945; x_wconf 90' lang='lat' dir='ltr'>causa</span> <span class='ocrx_word' id='word_1_53' title='bbox 1809 888 2122 963; x_wconf 89' lang='lat' dir='ltr'>antiquitus</span> <span class='ocrx_word' id='word_1_54' title='bbox 2151 888 2234 945; x_wconf 90' lang='lat' dir='ltr'>in-</span> 
     </span>
     <span class='ocr_line' id='line_1_8' title="bbox 216 978 2232 1054; baseline -0.001 -17"><span class='ocrx_word' id='word_1_55' title='bbox 216 980 487 1038; x_wconf 89' lang='lat' dir='ltr'>stitutum</span> <span class='ocrx_word' id='word_1_56' title='bbox 516 979 761 1051; x_wconf 90' lang='lat' dir='ltr'>videtur,</span> <span class='ocrx_word' id='word_1_57' title='bbox 792 997 867 1037; x_wconf 90' lang='lat' dir='ltr'>ne</span> <span class='ocrx_word' id='word_1_58' title='bbox 897 979 1027 1053; x_wconf 92' lang='lat' dir='ltr'>quis</span> <span class='ocrx_word' id='word_1_59' title='bbox 1056 996 1128 1036; x_wconf 86' lang='lat' dir='ltr'>ex</span> <span class='ocrx_word' id='word_1_60' title='bbox 1155 978 1327 1053; x_wconf 86' lang='lat' dir='ltr'><strong>plebe</strong></span> <span class='ocrx_word' id='word_1_61' title='bbox 1358 988 1564 1037; x_wconf 89' lang='lat' dir='ltr'>contra</span> <span class='ocrx_word' id='word_1_62' title='bbox 1603 980 1997 1054; x_wconf 90' lang='lat' dir='ltr'>potentiorem</span> <span class='ocrx_word' id='word_1_63' title='bbox 2040 978 2232 1053; x_wconf 83' lang='lat' dir='ltr'>auxilii</span> 
     </span>
     <span class='ocr_line' id='line_1_9' title="bbox 215 1059 2229 1147; baseline 0 -18"><span class='ocrx_word' id='word_1_64' title='bbox 215 1079 455 1147; x_wconf 87' lang='lat' dir='ltr'>egeret:</span> <span class='ocrx_word' id='word_1_65' title='bbox 502 1090 638 1129; x_wconf 91' lang='lat' dir='ltr'>suos</span> <span class='ocrx_word' id='word_1_66' title='bbox 669 1071 825 1129; x_wconf 89' lang='lat' dir='ltr'>enim</span> <span class='ocrx_word' id='word_1_67' title='bbox 853 1072 1101 1146; x_wconf 85' lang='lat' dir='ltr'>quisque</span> <span class='ocrx_word' id='word_1_68' title='bbox 1132 1059 1386 1145; x_wconf 84' lang='lat' dir='ltr'>opprimi</span> <span class='ocrx_word' id='word_1_69' title='bbox 1414 1081 1473 1128; x_wconf 93' lang='lat' dir='ltr'>et</span> <span class='ocrx_word' id='word_1_70' title='bbox 1501 1071 1906 1129; x_wconf 90' lang='lat' dir='ltr'>circumveniri</span> <span class='ocrx_word' id='word_1_71' title='bbox 1935 1089 2055 1128; x_wconf 90' lang='lat' dir='ltr'>non</span> <span class='ocrx_word' id='word_1_72' title='bbox 2083 1072 2229 1146; x_wconf 90' lang='lat' dir='ltr'>pati·</span> 
     </span>
     <span class='ocr_line' id='line_1_10' title="bbox 214 1161 2229 1237; baseline 0 -16"><span class='ocrx_word' id='word_1_73' title='bbox 214 1172 331 1236; x_wconf 90' lang='lat' dir='ltr'>tur,</span> <span class='ocrx_word' id='word_1_74' title='bbox 350 1180 565 1237; x_wconf 90' lang='lat' dir='ltr'>neque,</span> <span class='ocrx_word' id='word_1_75' title='bbox 588 1162 751 1220; x_wconf 91' lang='lat' dir='ltr'>aliter</span> <span class='ocrx_word' id='word_1_76' title='bbox 772 1162 819 1220; x_wconf 92' lang='lat' dir='ltr'>si</span> <span class='ocrx_word' id='word_1_77' title='bbox 841 1163 1032 1233; x_wconf 90' lang='lat' dir='ltr'>faciat,</span> <span class='ocrx_word' id='word_1_78' title='bbox 1056 1162 1229 1220; x_wconf 90' lang='lat' dir='ltr'>ullam</span> <span class='ocrx_word' id='word_1_79' title='bbox 1258 1162 1410 1220; x_wconf 88' lang='lat' dir='ltr'>inter</span> <span class='ocrx_word' id='word_1_80' title='bbox 1436 1180 1572 1220; x_wconf 91' lang='lat' dir='ltr'>suos</span> <span class='ocrx_word' id='word_1_81' title='bbox 1602 1161 1778 1221; x_wconf 90' lang='lat' dir='ltr'>habet</span> <span class='ocrx_word' id='word_1_82' title='bbox 1805 1162 2229 1222; x_wconf 89' lang='lat' dir='ltr'>auctoritatem.</span> 
     </span>
     <span class='ocr_line' id='line_1_11' title="bbox 219 1253 2320 1330; baseline 0.001 -18"><span class='ocrx_word' id='word_1_83' title='bbox 219 1255 399 1312; x_wconf 91' lang='lat' dir='ltr'>Haec</span> <span class='ocrx_word' id='word_1_84' title='bbox 450 1254 658 1312; x_wconf 89' lang='lat' dir='ltr'>eadem</span> <span class='ocrx_word' id='word_1_85' title='bbox 708 1255 853 1312; x_wconf 89' lang='lat' dir='ltr'>ratio</span> <span class='ocrx_word' id='word_1_86' title='bbox 906 1264 993 1312; x_wconf 89' lang='lat' dir='ltr'>est</span> <span class='ocrx_word' id='word_1_87' title='bbox 1042 1254 1099 1311; x_wconf 92' lang='lat' dir='ltr'>in</span> <span class='ocrx_word' id='word_1_88' title='bbox 1150 1272 1379 1311; x_wconf 90' lang='lat' dir='ltr'>summa</span> <span class='ocrx_word' id='word_1_89' title='bbox 1427 1254 1604 1312; x_wconf 88' lang='lat' dir='ltr'>totius</span> <span class='ocrx_word' id='word_1_90' title='bbox 1655 1253 1913 1315; x_wconf 89' lang='lat' dir='ltr'>Galliae:</span> <span class='ocrx_word' id='word_1_91' title='bbox 1974 1272 2229 1330; x_wconf 89' lang='lat' dir='ltr'>namque</span> <span class='ocrx_word' id='word_1_92' title='bbox 2263 1278 2320 1314; x_wconf 88' lang='lat'>10</span> 
     </span>
     <span class='ocr_line' id='line_1_12' title="bbox 217 1343 1630 1421; baseline -0.001 -18"><span class='ocrx_word' id='word_1_93' title='bbox 217 1363 429 1403; x_wconf 91' lang='lat' dir='ltr'>omnes</span> <span class='ocrx_word' id='word_1_94' title='bbox 458 1345 719 1403; x_wconf 89' lang='lat' dir='ltr'>civitates</span> <span class='ocrx_word' id='word_1_95' title='bbox 746 1346 806 1403; x_wconf 90' lang='lat' dir='ltr'>in</span> <span class='ocrx_word' id='word_1_96' title='bbox 835 1355 1027 1421; x_wconf 88' lang='lat' dir='ltr'>partes</span> <span class='ocrx_word' id='word_1_97' title='bbox 1057 1343 1275 1403; x_wconf 88' lang='lat' dir='ltr'>divisae</span> <span class='ocrx_word' id='word_1_98' title='bbox 1304 1354 1436 1402; x_wconf 88' lang='lat' dir='ltr'>sunt</span> <span class='ocrx_word' id='word_1_99' title='bbox 1467 1343 1630 1403; x_wconf 87' lang='lat' dir='ltr'>duas.</span> 
     </span>
    </p>

    <p class='ocr_par' dir='ltr' id='par_1_3' title="bbox 212 1436 2316 3707">
     <span class='ocr_line' id='line_1_13' title="bbox 300 1436 2226 1512; baseline 0 -17"><span class='ocrx_word' id='word_1_100' title='bbox 300 1437 442 1496; x_wconf 88' lang='lat' dir='ltr'><strong>XII.</strong></span> <span class='ocrx_word' id='word_1_101' title='bbox 488 1437 640 1495; x_wconf 91' lang='lat' dir='ltr'>Cum</span> <span class='ocrx_word' id='word_1_102' title='bbox 663 1437 879 1495; x_wconf 90' lang='lat' dir='ltr'>Caesar</span> <span class='ocrx_word' id='word_1_103' title='bbox 905 1437 965 1494; x_wconf 92' lang='lat' dir='ltr'>in</span> <span class='ocrx_word' id='word_1_104' title='bbox 994 1436 1242 1495; x_wconf 85' lang='lat' dir='ltr'>Galliam</span> <span class='ocrx_word' id='word_1_105' title='bbox 1264 1436 1440 1507; x_wconf 90' lang='lat' dir='ltr'>venit,</span> <span class='ocrx_word' id='word_1_106' title='bbox 1464 1436 1692 1493; x_wconf 90' lang='lat' dir='ltr'>alterius</span> <span class='ocrx_word' id='word_1_107' title='bbox 1722 1437 1988 1494; x_wconf 89' lang='lat' dir='ltr'>factionis</span> <span class='ocrx_word' id='word_1_108' title='bbox 2017 1437 2226 1512; x_wconf 89' lang='lat' dir='ltr'>princi-</span> 
     </span>
     <span class='ocr_line' id='line_1_14' title="bbox 216 1526 2229 1603; baseline 0.001 -18"><span class='ocrx_word' id='word_1_109' title='bbox 216 1545 326 1603; x_wconf 91' lang='lat' dir='ltr'>pes</span> <span class='ocrx_word' id='word_1_110' title='bbox 372 1537 538 1585; x_wconf 87' lang='lat' dir='ltr'>erant</span> <span class='ocrx_word' id='word_1_111' title='bbox 578 1527 789 1599; x_wconf 90' lang='lat' dir='ltr'>Aedui,</span> <span class='ocrx_word' id='word_1_112' title='bbox 832 1528 1061 1585; x_wconf 90' lang='lat' dir='ltr'>alterius</span> <span class='ocrx_word' id='word_1_113' title='bbox 1112 1527 1379 1602; x_wconf 89' lang='lat' dir='ltr'>Sequani.</span> <span class='ocrx_word' id='word_1_114' title='bbox 1471 1526 1557 1584; x_wconf 92' lang='lat' dir='ltr'>Hi</span> <span class='ocrx_word' id='word_1_115' title='bbox 1601 1545 1736 1585; x_wconf 91' lang='lat' dir='ltr'>cum</span> <span class='ocrx_word' id='word_1_116' title='bbox 1781 1544 1888 1603; x_wconf 88' lang='lat' dir='ltr'>per</span> <span class='ocrx_word' id='word_1_117' title='bbox 1931 1545 1993 1585; x_wconf 92' lang='lat' dir='ltr'>se</span> <span class='ocrx_word' id='word_1_118' title='bbox 2037 1528 2229 1587; x_wconf 90' lang='lat' dir='ltr'>minus</span> 
     </span>
     <span class='ocr_line' id='line_1_15' title="bbox 216 1617 2228 1694; baseline 0.001 -18"><span class='ocrx_word' id='word_1_119' title='bbox 216 1619 496 1691; x_wconf 89' lang='lat' dir='ltr'>valerent,</span> <span class='ocrx_word' id='word_1_120' title='bbox 540 1617 703 1693; x_wconf 91' lang='lat' dir='ltr'>quod</span> <span class='ocrx_word' id='word_1_121' title='bbox 752 1636 981 1677; x_wconf 90' lang='lat' dir='ltr'>summa</span> <span class='ocrx_word' id='word_1_122' title='bbox 1028 1618 1339 1676; x_wconf 86' lang='lat' dir='ltr'>auctoritas</span> <span class='ocrx_word' id='word_1_123' title='bbox 1384 1617 1701 1694; x_wconf 91' lang='lat' dir='ltr'>antiquitus</span> <span class='ocrx_word' id='word_1_124' title='bbox 1743 1627 1866 1677; x_wconf 89' lang='lat' dir='ltr'>erat</span> <span class='ocrx_word' id='word_1_125' title='bbox 1906 1618 1968 1677; x_wconf 92' lang='lat' dir='ltr'>in</span> <span class='ocrx_word' id='word_1_126' title='bbox 2007 1617 2228 1678; x_wconf 90' lang='lat' dir='ltr'>Aeduis</span> 
     </span>
     <span class='ocr_line' id='line_1_16' title="bbox 216 1708 2316 1786; baseline 0.001 -19"><span class='ocrx_word' id='word_1_127' title='bbox 216 1727 586 1785; x_wconf 86' lang='lat' dir='ltr'>magnaeque</span> <span class='ocrx_word' id='word_1_128' title='bbox 636 1728 839 1767; x_wconf 89' lang='lat' dir='ltr'>eorum</span> <span class='ocrx_word' id='word_1_129' title='bbox 889 1718 1052 1767; x_wconf 91' lang='lat' dir='ltr'>erant</span> <span class='ocrx_word' id='word_1_130' title='bbox 1108 1708 1432 1781; x_wconf 87' lang='lat' dir='ltr'>clientelae,</span> <span class='ocrx_word' id='word_1_131' title='bbox 1476 1710 1804 1768; x_wconf 89' lang='lat' dir='ltr'>Germanos</span> <span class='ocrx_word' id='word_1_132' title='bbox 1847 1718 2023 1786; x_wconf 90' lang='lat' dir='ltr'>atque</span> <span class='ocrx_word' id='word_1_133' title='bbox 2065 1710 2228 1769; x_wconf 89' lang='lat' dir='ltr'>Ario-</span> <span class='ocrx_word' id='word_1_134' title='bbox 2258 1731 2316 1784; x_wconf 83' lang='lat'>15</span> 
     </span>
     <span class='ocr_line' id='line_1_17' title="bbox 214 1798 2227 1876; baseline 0.001 -18"><span class='ocrx_word' id='word_1_135' title='bbox 214 1800 431 1859; x_wconf 91' lang='lat' dir='ltr'>vistum</span> <span class='ocrx_word' id='word_1_136' title='bbox 473 1800 581 1858; x_wconf 90' lang='lat' dir='ltr'>sibi</span> <span class='ocrx_word' id='word_1_137' title='bbox 618 1798 1002 1858; x_wconf 85' lang='lat' dir='ltr'>adiunxerant</span> <span class='ocrx_word' id='word_1_138' title='bbox 1042 1817 1263 1874; x_wconf 89' lang='lat' dir='ltr'>eosque</span> <span class='ocrx_word' id='word_1_139' title='bbox 1299 1798 1375 1857; x_wconf 93' lang='lat' dir='ltr'>ad</span> <span class='ocrx_word' id='word_1_140' title='bbox 1405 1817 1468 1857; x_wconf 91' lang='lat' dir='ltr'>se</span> <span class='ocrx_word' id='word_1_141' title='bbox 1498 1800 1721 1875; x_wconf 89' lang='lat' dir='ltr'>magnis</span> <span class='ocrx_word' id='word_1_142' title='bbox 1749 1800 1982 1859; x_wconf 89' lang='lat' dir='ltr'>iacturis</span> <span class='ocrx_word' id='word_1_143' title='bbox 2009 1801 2227 1876; x_wconf 91' lang='lat' dir='ltr'>pollici-</span> 
     </span>
     <span class='ocr_line' id='line_1_18' title="bbox 215 1890 2226 1967; baseline 0.001 -19"><span class='ocrx_word' id='word_1_144' title='bbox 215 1892 655 1966; x_wconf 90' lang='lat' dir='ltr'>tationibusque</span> <span class='ocrx_word' id='word_1_145' title='bbox 696 1890 1105 1966; x_wconf 87' lang='lat' dir='ltr'>perduxerant.</span> <span class='ocrx_word' id='word_1_146' title='bbox 1192 1891 1430 1950; x_wconf 89' lang='lat' dir='ltr'>Proeliis</span> <span class='ocrx_word' id='word_1_147' title='bbox 1455 1909 1595 1950; x_wconf 87' lang='lat' dir='ltr'>vero</span> <span class='ocrx_word' id='word_1_148' title='bbox 1637 1892 2032 1967; x_wconf 89' lang='lat' dir='ltr'>compluribus</span> <span class='ocrx_word' id='word_1_149' title='bbox 2062 1892 2226 1952; x_wconf 91' lang='lat' dir='ltr'>factis</span> 
     </span>
     <span class='ocr_line' id='line_1_19' title="bbox 214 1981 2226 2057; baseline 0.001 -16"><span class='ocrx_word' id='word_1_150' title='bbox 214 1981 498 2041; x_wconf 89' lang='lat' dir='ltr'>secundis</span> <span class='ocrx_word' id='word_1_151' title='bbox 536 1992 711 2057; x_wconf 91' lang='lat' dir='ltr'>atque</span> <span class='ocrx_word' id='word_1_152' title='bbox 748 1983 910 2040; x_wconf 92' lang='lat' dir='ltr'>omni</span> <span class='ocrx_word' id='word_1_153' title='bbox 949 1982 1247 2041; x_wconf 89' lang='lat' dir='ltr'>nobilitate</span> <span class='ocrx_word' id='word_1_154' title='bbox 1275 1981 1618 2040; x_wconf 89' lang='lat' dir='ltr'>Aeduorum</span> <span class='ocrx_word' id='word_1_155' title='bbox 1660 1983 1959 2041; x_wconf 86' lang='lat' dir='ltr'>interfecta</span> <span class='ocrx_word' id='word_1_156' title='bbox 1999 1993 2226 2043; x_wconf 89' lang='lat' dir='ltr'>tantum</span> 
     </span>
     <span class='ocr_line' id='line_1_20' title="bbox 213 2075 2228 2152; baseline 0.001 -18"><span class='ocrx_word' id='word_1_157' title='bbox 213 2075 487 2151; x_wconf 88' lang='lat' dir='ltr'>potentia</span> <span class='ocrx_word' id='word_1_158' title='bbox 549 2083 996 2148; x_wconf 85' lang='lat' dir='ltr'>antecesserant,</span> <span class='ocrx_word' id='word_1_159' title='bbox 1054 2086 1117 2134; x_wconf 90' lang='lat' dir='ltr'>ut</span> <span class='ocrx_word' id='word_1_160' title='bbox 1171 2092 1445 2152; x_wconf 89' lang='lat' dir='ltr'>magnam</span> <span class='ocrx_word' id='word_1_161' title='bbox 1510 2085 1736 2151; x_wconf 88' lang='lat' dir='ltr'>partem</span> <span class='ocrx_word' id='word_1_162' title='bbox 1798 2077 2096 2136; x_wconf 89' lang='lat' dir='ltr'>clientium</span> <span class='ocrx_word' id='word_1_163' title='bbox 2151 2078 2228 2138; x_wconf 88' lang='lat' dir='ltr'>ab</span> 
     </span>
     <span class='ocr_line' id='line_1_21' title="bbox 212 2165 2314 2246; baseline 0.003 -21"><span class='ocrx_word' id='word_1_164' title='bbox 212 2165 442 2226; x_wconf 89' lang='lat' dir='ltr'>Aeduis</span> <span class='ocrx_word' id='word_1_165' title='bbox 490 2165 569 2225; x_wconf 92' lang='lat' dir='ltr'>ad</span> <span class='ocrx_word' id='word_1_166' title='bbox 616 2185 678 2226; x_wconf 90' lang='lat' dir='ltr'>se</span> <span class='ocrx_word' id='word_1_167' title='bbox 733 2166 1175 2225; x_wconf 88' lang='lat' dir='ltr'>transducerent</span> <span class='ocrx_word' id='word_1_168' title='bbox 1228 2166 1583 2243; x_wconf 89' lang='lat' dir='ltr'>obsidesque</span> <span class='ocrx_word' id='word_1_169' title='bbox 1640 2169 1715 2227; x_wconf 93' lang='lat' dir='ltr'>ab</span> <span class='ocrx_word' id='word_1_170' title='bbox 1771 2169 1838 2227; x_wconf 92' lang='lat' dir='ltr'>iis</span> <span class='ocrx_word' id='word_1_171' title='bbox 1892 2171 2226 2246; x_wconf 89' lang='lat' dir='ltr'>principum</span> <span class='ocrx_word' id='word_1_172' title='bbox 2253 2195 2314 2231; x_wconf 89' lang='lat'>20</span> 
     </span>
     <span class='ocr_line' id='line_1_22' title="bbox 212 2258 2224 2335; baseline 0.002 -19"><span class='ocrx_word' id='word_1_173' title='bbox 212 2258 367 2317; x_wconf 88' lang='lat' dir='ltr'>filios</span> <span class='ocrx_word' id='word_1_174' title='bbox 412 2258 747 2334; x_wconf 88' lang='lat' dir='ltr'>acciperent</span> <span class='ocrx_word' id='word_1_175' title='bbox 788 2268 847 2317; x_wconf 89' lang='lat' dir='ltr'>et</span> <span class='ocrx_word' id='word_1_176' title='bbox 890 2258 1122 2333; x_wconf 87' lang='lat' dir='ltr'>publice</span> <span class='ocrx_word' id='word_1_177' title='bbox 1167 2259 1349 2316; x_wconf 91' lang='lat' dir='ltr'>iurare</span> <span class='ocrx_word' id='word_1_178' title='bbox 1394 2270 1691 2335; x_wconf 90' lang='lat' dir='ltr'>cogerent,</span> <span class='ocrx_word' id='word_1_179' title='bbox 1731 2259 1874 2318; x_wconf 91' lang='lat' dir='ltr'>nihil</span> <span class='ocrx_word' id='word_1_180' title='bbox 1915 2279 1977 2318; x_wconf 90' lang='lat' dir='ltr'>se</span> <span class='ocrx_word' id='word_1_181' title='bbox 2021 2271 2224 2321; x_wconf 92' lang='lat' dir='ltr'>contra</span> 
     </span>
     <span class='ocr_line' id='line_1_23' title="bbox 213 2349 2224 2427; baseline 0.002 -19"><span class='ocrx_word' id='word_1_182' title='bbox 213 2349 523 2425; x_wconf 86' lang='lat' dir='ltr'>Sequanos</span> <span class='ocrx_word' id='word_1_183' title='bbox 578 2349 801 2408; x_wconf 88' lang='lat' dir='ltr'>consilii</span> <span class='ocrx_word' id='word_1_184' title='bbox 857 2349 1115 2420; x_wconf 83' lang='lat' dir='ltr'>initurOS,</span> <span class='ocrx_word' id='word_1_185' title='bbox 1161 2358 1220 2407; x_wconf 93' lang='lat' dir='ltr'>et</span> <span class='ocrx_word' id='word_1_186' title='bbox 1260 2358 1487 2425; x_wconf 88' lang='lat' dir='ltr'>partem</span> <span class='ocrx_word' id='word_1_187' title='bbox 1532 2350 1759 2409; x_wconf 87' lang='lat' dir='ltr'>finitimi</span> <span class='ocrx_word' id='word_1_188' title='bbox 1800 2352 1920 2426; x_wconf 89' lang='lat' dir='ltr'>agri</span> <span class='ocrx_word' id='word_1_189' title='bbox 1961 2370 2068 2427; x_wconf 89' lang='lat' dir='ltr'>per</span> <span class='ocrx_word' id='word_1_190' title='bbox 2105 2353 2224 2412; x_wconf 86' lang='lat' dir='ltr'>vim</span> 
     </span>
     <span class='ocr_line' id='line_1_24' title="bbox 213 2439 2220 2518; baseline 0.002 -20"><span class='ocrx_word' id='word_1_191' title='bbox 213 2450 569 2516; x_wconf 89' lang='lat' dir='ltr'>occupatam</span> <span class='ocrx_word' id='word_1_192' title='bbox 626 2439 992 2516; x_wconf 87' lang='lat' dir='ltr'>possiderent</span> <span class='ocrx_word' id='word_1_193' title='bbox 1042 2440 1377 2515; x_wconf 86' lang='lat' dir='ltr'>Galliaeque</span> <span class='ocrx_word' id='word_1_194' title='bbox 1437 2442 1612 2499; x_wconf 90' lang='lat' dir='ltr'>totius</span> <span class='ocrx_word' id='word_1_195' title='bbox 1668 2442 2060 2518; x_wconf 84' lang='lat' dir='ltr'>principatum</span> <span class='ocrx_word' id='word_1_196' title='bbox 2117 2444 2220 2503; x_wconf 92' lang='lat' dir='ltr'>ob-</span> 
     </span>
     <span class='ocr_line' id='line_1_25' title="bbox 212 2531 2224 2610; baseline 0.003 -22"><span class='ocrx_word' id='word_1_197' title='bbox 212 2532 486 2590; x_wconf 89' lang='lat' dir='ltr'>tin&#39;erent.</span> <span class='ocrx_word' id='word_1_198' title='bbox 562 2531 697 2606; x_wconf 87' lang='lat' dir='ltr'>Qua</span> <span class='ocrx_word' id='word_1_199' title='bbox 724 2532 1067 2590; x_wconf 89' lang='lat' dir='ltr'>necessitate</span> <span class='ocrx_word' id='word_1_200' title='bbox 1098 2531 1387 2591; x_wconf 89' lang='lat' dir='ltr'>adductus</span> <span class='ocrx_word' id='word_1_201' title='bbox 1413 2534 1730 2592; x_wconf 91' lang='lat' dir='ltr'>Divitiacus</span> <span class='ocrx_word' id='word_1_202' title='bbox 1760 2534 1954 2592; x_wconf 85' lang='lat' dir='ltr'>auxilii</span> <span class='ocrx_word' id='word_1_203' title='bbox 1981 2534 2224 2610; x_wconf 89' lang='lat' dir='ltr'>petendi</span> 
     </span>
     <span class='ocr_line' id='line_1_26' title="bbox 212 2621 2312 2709; baseline 0.002 -28"><span class='ocrx_word' id='word_1_204' title='bbox 212 2641 397 2682; x_wconf 90' lang='lat' dir='ltr'>causa</span> <span class='ocrx_word' id='word_1_205' title='bbox 431 2624 687 2682; x_wconf 90' lang='lat' dir='ltr'>Romam</span> <span class='ocrx_word' id='word_1_206' title='bbox 729 2622 807 2682; x_wconf 90' lang='lat' dir='ltr'>ad</span> <span class='ocrx_word' id='word_1_207' title='bbox 847 2633 1113 2682; x_wconf 90' lang='lat' dir='ltr'>senatum</span> <span class='ocrx_word' id='word_1_208' title='bbox 1154 2626 1449 2699; x_wconf 87' lang='lat' dir='ltr'>profectus</span> <span class='ocrx_word' id='word_1_209' title='bbox 1493 2626 1834 2701; x_wconf 88' lang='lat' dir='ltr'>imperfecta</span> <span class='ocrx_word' id='word_1_210' title='bbox 1862 2645 1924 2685; x_wconf 90' lang='lat' dir='ltr'>re</span> <span class='ocrx_word' id='word_1_211' title='bbox 1952 2621 2218 2686; x_wconf 86' lang='lat' dir='ltr'>redierat.</span> <span class='ocrx_word' id='word_1_212' title='bbox 2252 2657 2312 2709; x_wconf 85' lang='lat'>25</span> 
     </span>
     <span class='ocr_line' id='line_1_27' title="bbox 214 2713 2222 2790; baseline 0.004 -19"><span class='ocrx_word' id='word_1_213' title='bbox 214 2713 492 2772; x_wconf 90' lang='lat' dir='ltr'>Adventu</span> <span class='ocrx_word' id='word_1_214' title='bbox 512 2714 774 2773; x_wconf 89' lang='lat' dir='ltr'>Caesaris</span> <span class='ocrx_word' id='word_1_215' title='bbox 796 2714 947 2773; x_wconf 91' lang='lat' dir='ltr'>facta</span> <span class='ocrx_word' id='word_1_216' title='bbox 968 2717 1426 2774; x_wconf 90' lang='lat' dir='ltr'>commutatione</span> <span class='ocrx_word' id='word_1_217' title='bbox 1448 2735 1658 2790; x_wconf 88' lang='lat' dir='ltr'>rerum,</span> <span class='ocrx_word' id='word_1_218' title='bbox 1683 2717 1983 2778; x_wconf 90' lang='lat' dir='ltr'>obsidibus</span> <span class='ocrx_word' id='word_1_219' title='bbox 2002 2718 2222 2779; x_wconf 89' lang='lat' dir='ltr'>Aeduis</span> 
     </span>
     <span class='ocr_line' id='line_1_28' title="bbox 212 2803 2222 2886; baseline 0.004 -24"><span class='ocrx_word' id='word_1_220' title='bbox 212 2803 479 2877; x_wconf 88' lang='lat' dir='ltr'>redditis,</span> <span class='ocrx_word' id='word_1_221' title='bbox 530 2805 817 2864; x_wconf 86' lang='lat' dir='ltr'>veteribus</span> <span class='ocrx_word' id='word_1_222' title='bbox 873 2807 1151 2866; x_wconf 90' lang='lat' dir='ltr'>clientelis</span> <span class='ocrx_word' id='word_1_223' title='bbox 1200 2810 1492 2878; x_wconf 83' lang='lat' dir='ltr'>restitutiS,</span> <span class='ocrx_word' id='word_1_224' title='bbox 1543 2810 1706 2868; x_wconf 89' lang='lat' dir='ltr'>novis</span> <span class='ocrx_word' id='word_1_225' title='bbox 1755 2829 1860 2886; x_wconf 92' lang='lat' dir='ltr'>per</span> <span class='ocrx_word' id='word_1_226' title='bbox 1909 2811 2222 2870; x_wconf 89' lang='lat' dir='ltr'>Caesarem</span> 
     </span>
     <span class='ocr_line' id='line_1_29' title="bbox 215 2898 2220 2980; baseline 0.004 -27"><span class='ocrx_word' id='word_1_227' title='bbox 215 2898 588 2971; x_wconf 81' lang='lat' dir='ltr'>comparatiS,</span> <span class='ocrx_word' id='word_1_228' title='bbox 619 2898 780 2974; x_wconf 92' lang='lat' dir='ltr'>quod</span> <span class='ocrx_word' id='word_1_229' title='bbox 810 2899 887 2973; x_wconf 92' lang='lat' dir='ltr'>hi,</span> <span class='ocrx_word' id='word_1_230' title='bbox 917 2899 1019 2975; x_wconf 91' lang='lat' dir='ltr'>qui</span> <span class='ocrx_word' id='word_1_231' title='bbox 1056 2919 1117 2959; x_wconf 90' lang='lat' dir='ltr'>se</span> <span class='ocrx_word' id='word_1_232' title='bbox 1160 2901 1237 2960; x_wconf 91' lang='lat' dir='ltr'>ad</span> <span class='ocrx_word' id='word_1_233' title='bbox 1276 2920 1479 2960; x_wconf 89' lang='lat' dir='ltr'>eorum</span> <span class='ocrx_word' id='word_1_234' title='bbox 1521 2903 1834 2962; x_wconf 89' lang='lat' dir='ltr'>amicitiam</span> <span class='ocrx_word' id='word_1_235' title='bbox 1877 2921 2220 2980; x_wconf 88' lang='lat' dir='ltr'>aggregave-</span> 
     </span>
     <span class='ocr_line' id='line_1_30' title="bbox 214 2989 2220 3071; baseline 0.004 -26"><span class='ocrx_word' id='word_1_236' title='bbox 214 2997 364 3061; x_wconf 89' lang='lat' dir='ltr'>rant,</span> <span class='ocrx_word' id='word_1_237' title='bbox 396 2989 635 3048; x_wconf 91' lang='lat' dir='ltr'>meliore</span> <span class='ocrx_word' id='word_1_238' title='bbox 678 2991 1027 3050; x_wconf 90' lang='lat' dir='ltr'>condicione</span> <span class='ocrx_word' id='word_1_239' title='bbox 1066 3001 1241 3068; x_wconf 90' lang='lat' dir='ltr'>atque</span> <span class='ocrx_word' id='word_1_240' title='bbox 1279 2994 1554 3069; x_wconf 89' lang='lat' dir='ltr'>aequiore</span> <span class='ocrx_word' id='word_1_241' title='bbox 1583 2995 1829 3071; x_wconf 89' lang='lat' dir='ltr'>imperio</span> <span class='ocrx_word' id='word_1_242' title='bbox 1859 3014 1920 3054; x_wconf 91' lang='lat' dir='ltr'>se</span> <span class='ocrx_word' id='word_1_243' title='bbox 1950 2996 2035 3053; x_wconf 93' lang='lat' dir='ltr'>uti</span> <span class='ocrx_word' id='word_1_244' title='bbox 2062 2994 2220 3053; x_wconf 89' lang='lat' dir='ltr'>vide-</span> 
     </span>
     <span class='ocr_line' id='line_1_31' title="bbox 215 3081 2312 3163; baseline 0.001 -25"><span class='ocrx_word' id='word_1_245' title='bbox 215 3081 375 3152; x_wconf 91' lang='lat' dir='ltr'>bant,</span> <span class='ocrx_word' id='word_1_246' title='bbox 426 3081 659 3156; x_wconf 89' lang='lat' dir='ltr'>reliquis</span> <span class='ocrx_word' id='word_1_247' title='bbox 708 3083 880 3142; x_wconf 90' lang='lat' dir='ltr'>rebus</span> <span class='ocrx_word' id='word_1_248' title='bbox 930 3103 1133 3144; x_wconf 90' lang='lat' dir='ltr'>eorum</span> <span class='ocrx_word' id='word_1_249' title='bbox 1182 3085 1361 3161; x_wconf 84' lang='lat' dir='ltr'>gratia</span> <span class='ocrx_word' id='word_1_250' title='bbox 1405 3085 1803 3163; x_wconf 89' lang='lat' dir='ltr'>dignitateque</span> <span class='ocrx_word' id='word_1_251' title='bbox 1853 3087 2220 3163; x_wconf 89' lang='lat' dir='ltr'>amplificata,</span> <span class='ocrx_word' id='word_1_252' title='bbox 2252 3105 2312 3155; x_wconf 87' lang='lat'>30</span> 
     </span>
     <span class='ocr_line' id='line_1_32' title="bbox 216 3171 2223 3248; baseline 0.003 -18"><span class='ocrx_word' id='word_1_253' title='bbox 216 3171 472 3246; x_wconf 89' lang='lat' dir='ltr'>Sequani</span> <span class='ocrx_word' id='word_1_254' title='bbox 529 3173 917 3248; x_wconf 89' lang='lat' dir='ltr'>principatum</span> <span class='ocrx_word' id='word_1_255' title='bbox 973 3175 1325 3236; x_wconf 87' lang='lat' dir='ltr'>dimiserant.</span> <span class='ocrx_word' id='word_1_256' title='bbox 1413 3177 1485 3236; x_wconf 92' lang='lat' dir='ltr'>In</span> <span class='ocrx_word' id='word_1_257' title='bbox 1541 3196 1744 3237; x_wconf 91' lang='lat' dir='ltr'>eorum</span> <span class='ocrx_word' id='word_1_258' title='bbox 1800 3179 1998 3237; x_wconf 91' lang='lat' dir='ltr'>locum</span> <span class='ocrx_word' id='word_1_259' title='bbox 2048 3179 2223 3237; x_wconf 90' lang='lat' dir='ltr'>Remi</span> 
     </span>
     <span class='ocr_line' id='line_1_33' title="bbox 216 3266 2222 3346; baseline 0.004 -27"><span class='ocrx_word' id='word_1_260' title='bbox 216 3273 659 3336; x_wconf 81' lang='lat' dir='ltr'>successerant3</span> <span class='ocrx_word' id='word_1_261' title='bbox 716 3282 864 3338; x_wconf 91' lang='lat' dir='ltr'>quos</span> <span class='ocrx_word' id='word_1_262' title='bbox 906 3266 1071 3342; x_wconf 92' lang='lat' dir='ltr'>quod</span> <span class='ocrx_word' id='word_1_263' title='bbox 1114 3267 1443 3343; x_wconf 89' lang='lat' dir='ltr'>adaequare</span> <span class='ocrx_word' id='word_1_264' title='bbox 1487 3269 1646 3344; x_wconf 88' lang='lat' dir='ltr'>apud</span> <span class='ocrx_word' id='word_1_265' title='bbox 1691 3270 2002 3329; x_wconf 89' lang='lat' dir='ltr'>Caesarem</span> <span class='ocrx_word' id='word_1_266' title='bbox 2043 3270 2222 3346; x_wconf 89' lang='lat' dir='ltr'>gratia</span> 
     </span>
     <span class='ocr_line' id='line_1_34' title="bbox 216 3352 2222 3433; baseline 0.004 -23"><span class='ocrx_word' id='word_1_267' title='bbox 216 3352 677 3428; x_wconf 89' lang='lat' dir='ltr'>intellegebatur,</span> <span class='ocrx_word' id='word_1_268' title='bbox 706 3355 764 3427; x_wconf 90' lang='lat' dir='ltr'>ii,</span> <span class='ocrx_word' id='word_1_269' title='bbox 794 3356 894 3432; x_wconf 85' lang='lat' dir='ltr'>qui</span> <span class='ocrx_word' id='word_1_270' title='bbox 933 3367 1171 3433; x_wconf 87' lang='lat' dir='ltr'>propter</span> <span class='ocrx_word' id='word_1_271' title='bbox 1206 3368 1430 3418; x_wconf 89' lang='lat' dir='ltr'>veteres</span> <span class='ocrx_word' id='word_1_272' title='bbox 1472 3360 1797 3420; x_wconf 88' lang='lat' dir='ltr'>inimicitias</span> <span class='ocrx_word' id='word_1_273' title='bbox 1839 3361 1997 3419; x_wconf 90' lang='lat' dir='ltr'>nullo</span> <span class='ocrx_word' id='word_1_274' title='bbox 2041 3359 2222 3419; x_wconf 93' lang='lat' dir='ltr'>modo</span> 
     </span>
     <span class='ocr_line' id='line_1_35' title="bbox 217 3443 2220 3524; baseline 0.004 -23"><span class='ocrx_word' id='word_1_275' title='bbox 217 3461 355 3501; x_wconf 90' lang='lat' dir='ltr'>cum</span> <span class='ocrx_word' id='word_1_276' title='bbox 384 3443 607 3503; x_wconf 90' lang='lat' dir='ltr'>Aeduis</span> <span class='ocrx_word' id='word_1_277' title='bbox 648 3448 925 3523; x_wconf 91' lang='lat' dir='ltr'>coniungi</span> <span class='ocrx_word' id='word_1_278' title='bbox 966 3459 1251 3524; x_wconf 89' lang='lat' dir='ltr'>poterant,</span> <span class='ocrx_word' id='word_1_279' title='bbox 1283 3469 1346 3509; x_wconf 90' lang='lat' dir='ltr'>se</span> <span class='ocrx_word' id='word_1_280' title='bbox 1377 3451 1580 3510; x_wconf 88' lang='lat' dir='ltr'>Remis</span> <span class='ocrx_word' id='word_1_281' title='bbox 1608 3451 1668 3508; x_wconf 92' lang='lat' dir='ltr'>in</span> <span class='ocrx_word' id='word_1_282' title='bbox 1699 3452 2025 3511; x_wconf 90' lang='lat' dir='ltr'>clientelam</span> <span class='ocrx_word' id='word_1_283' title='bbox 2063 3451 2220 3510; x_wconf 92' lang='lat' dir='ltr'>dica-</span> 
     </span>
     <span class='ocr_line' id='line_1_36' title="bbox 215 3535 2311 3627; baseline 0.004 -34"><span class='ocrx_word' id='word_1_284' title='bbox 215 3535 377 3594; x_wconf 89' lang='lat' dir='ltr'>bant.</span> <span class='ocrx_word' id='word_1_285' title='bbox 466 3537 599 3596; x_wconf 89' lang='lat' dir='ltr'>Hos</span> <span class='ocrx_word' id='word_1_286' title='bbox 627 3537 705 3595; x_wconf 93' lang='lat' dir='ltr'>illi</span> <span class='ocrx_word' id='word_1_287' title='bbox 733 3537 1039 3614; x_wconf 91' lang='lat' dir='ltr'>diligenter</span> <span class='ocrx_word' id='word_1_288' title='bbox 1056 3542 1410 3627; x_wconf 59' lang='lat' dir='ltr'>tuebantur:</span> <span class='ocrx_word' id='word_1_289' title='bbox 1455 3544 1536 3601; x_wconf 91' lang='lat' dir='ltr'>ita</span> <span class='ocrx_word' id='word_1_290' title='bbox 1560 3553 1623 3602; x_wconf 57' lang='lat' dir='ltr'>&gt;et</span> <span class='ocrx_word' id='word_1_291' title='bbox 1642 3562 1863 3602; x_wconf 88' lang='lat' dir='ltr'>-novam</span> <span class='ocrx_word' id='word_1_292' title='bbox 1893 3553 1953 3603; x_wconf 91' lang='lat' dir='ltr'>et</span> <span class='ocrx_word' id='word_1_293' title='bbox 1979 3551 2221 3620; x_wconf 89' lang='lat' dir='ltr'>repente</span> <span class='ocrx_word' id='word_1_294' title='bbox 2252 3565 2311 3617; x_wconf 81' lang='lat'>35</span> 
     </span>
     <span class='ocr_line' id='line_1_37' title="bbox 217 3625 2225 3707; baseline 0.003 -22"><span class='ocrx_word' id='word_1_295' title='bbox 217 3625 527 3686; x_wconf 87' lang='lat' dir='ltr'>collectam</span> <span class='ocrx_word' id='word_1_296' title='bbox 568 3629 971 3689; x_wconf 89' lang='lat' dir='ltr'>auctoritatem</span> <span class='ocrx_word' id='word_1_297' title='bbox 1013 3633 1310 3693; x_wconf 88' lang='lat' dir='ltr'>tenebant.</span> <span class='ocrx_word' id='word_1_298' title='bbox 1397 3636 1488 3693; x_wconf 93' lang='lat' dir='ltr'>Eo</span> <span class='ocrx_word' id='word_1_299' title='bbox 1529 3645 1649 3692; x_wconf 89' lang='lat' dir='ltr'>tum</span> <span class='ocrx_word' id='word_1_300' title='bbox 1691 3645 1838 3694; x_wconf 89' lang='lat' dir='ltr'>statu</span> <span class='ocrx_word' id='word_1_301' title='bbox 1869 3653 1960 3694; x_wconf 90' lang='lat' dir='ltr'>res</span> <span class='ocrx_word' id='word_1_302' title='bbox 1989 3645 2129 3707; x_wconf 89' lang='lat' dir='ltr'>erat,</span> <span class='ocrx_word' id='word_1_303' title='bbox 2160 3643 2225 3693; x_wconf 90' lang='lat' dir='ltr'>ut</span> 
     </span>
    </p>
   </div>
   <div class='ocr_carea' id='block_1_3' title="bbox 216 3716 2220 3870">
    <p class='ocr_par' dir='ltr' id='par_1_4' title="bbox 216 3716 2220 3870">
     <span class='ocr_line' id='line_1_38' title="bbox 216 3716 2220 3801; baseline 0.005 -27"><span class='ocrx_word' id='word_1_304' title='bbox 216 3716 392 3793; x_wconf 90' lang='lat' dir='ltr'>longe</span> <span class='ocrx_word' id='word_1_305' title='bbox 440 3718 736 3795; x_wconf 89' lang='lat' dir='ltr'>principes</span> <span class='ocrx_word' id='word_1_306' title='bbox 785 3720 1135 3781; x_wconf 90' lang='lat' dir='ltr'>haberentur</span> <span class='ocrx_word' id='word_1_307' title='bbox 1175 3722 1383 3796; x_wconf 90' lang='lat' dir='ltr'>Aedui,</span> <span class='ocrx_word' id='word_1_308' title='bbox 1429 3724 1753 3783; x_wconf 88' lang='lat' dir='ltr'>seeundum</span> <span class='ocrx_word' id='word_1_309' title='bbox 1796 3725 1994 3784; x_wconf 92' lang='lat' dir='ltr'>locum</span> <span class='ocrx_word' id='word_1_310' title='bbox 2036 3723 2220 3801; x_wconf 88' lang='lat' dir='ltr'>digni-</span> 
     </span>
     <span class='ocr_line' id='line_1_39' title="bbox 218 3808 933 3870; baseline 0.006 -4"><span class='ocrx_word' id='word_1_311' title='bbox 218 3808 351 3867; x_wconf 88' lang='lat' dir='ltr'>tatis</span> <span class='ocrx_word' id='word_1_312' title='bbox 379 3809 559 3868; x_wconf 89' lang='lat' dir='ltr'>Remi</span> <span class='ocrx_word' id='word_1_313' title='bbox 586 3811 933 3870; x_wconf 89' lang='lat' dir='ltr'>obtinerent.</span> 
     </span>
    </p>
   </div>
  </div>
 </body>
</html>
