2796 4207
913 740 1698 807 COMMENTARIUS
1762 740 2234 826 QUARTUS.

813 1122 923 1176 The
954 1122 1203 1191 Ustjbetes
1225 1120 1352 1175 and
1377 1120 1632 1175 Tencteri
1652 1127 1808 1175 enter
1833 1120 2027 1186 Gaul,·
2064 1120 2156 1177 the
2180 1122 2365 1177 Suebi.

657 1245 706 1303 I.
751 1245 858 1316 EA,
889 1262 1039 1320 quae
1077 1253 1277 1303 secuta
1319 1253 1425 1316 est,
1456 1242 1667 1316 hieme,
1698 1243 1799 1319 qui
1833 1243 1939 1302 fuit
1980 1262 2167 1303 annus
2197 1245 2374 1303 Gneo
2416 1244 2579 1303 Pom-

573 1336 729 1410 pei0,
775 1336 983 1395 Marco
1024 1335 1236 1395 Crasso
1286 1334 1639 1406 consulibus,
1682 1333 1957 1409 Usipetes
2000 1336 2282 1396 Germani
2332 1345 2392 1394 et
2442 1335 2581 1393 item

573 1426 845 1485 Tencteri
885 1444 1096 1501 magna
1133 1444 1270 1485 cum
1312 1424 1682 1485 multitudine
1724 1424 2030 1484 hominum
2058 1426 2275 1485 flumen
2305 1426 2582 1485 Rhenum

573 1516 919 1576 transierunt
967 1534 1088 1575 non
1132 1515 1306 1593 longe
1352 1536 1388 1575 a
1432 1518 1593 1589 mari,
1639 1534 1758 1593 quo
1807 1515 2051 1576 Rhenus
2101 1516 2305 1575 influit.
2389 1517 2585 1575 Causa

520 1618 548 1671 5
573 1606 914 1666 transeundi
960 1607 1085 1679 fuit,
1129 1606 1290 1683 quod
1334 1607 1409 1666 ab
1450 1606 1656 1667 Suebis
1700 1606 2031 1683 complures
2075 1625 2264 1667 annos
2312 1605 2581 1683 exagitati

573 1698 728 1758 bello
770 1698 1182 1774 premebantur
1224 1708 1283 1757 et
1317 1698 1663 1775 agricultura
1700 1698 2171 1775 prohibebantur.
2256 1697 2581 1757 Sueborum

573 1808 718 1866 gens
761 1800 848 1850 est
888 1789 1063 1865 longe
1109 1790 1363 1849 maxima
1405 1800 1464 1849 et
1504 1789 1939 1849 bellicosissima
1980 1791 2413 1850 Germanorum
2454 1807 2578 1849 om-

574 1882 756 1939 nium.
842 1881 929 1938 Hi
970 1889 1207 1939 centum
1248 1898 1433 1956 pagos
1476 1880 1688 1939 habere
1734 1880 2024 1954 dicuntur,
2068 1898 2143 1939 ex
2181 1879 2393 1957 quibus
2435 1899 2579 1957 quo-

573 1972 763 2029 tannis
819 1971 1040 2047 singula
1094 1970 1252 2029 milia
1305 1981 1656 2029 armatorum
1711 1970 1965 2031 bellandi
2020 1988 2197 2031 causa
2247 1990 2321 2032 ex
2368 1971 2581 2032 finibus

489 2084 548 2120 10
574 2060 856 2121 educunt.
940 2061 1192 2137 Reliqui,
1223 2062 1322 2138 qui
1353 2061 1516 2122 domi
1547 2072 1898 2136 manserunt,
1928 2080 1991 2122 se
2020 2072 2197 2140 atque
2226 2063 2351 2124 illos
2380 2064 2579 2139 alunt3

574 2152 633 2211 hi
670 2172 863 2213 rursus
896 2152 957 2212 in
983 2153 1172 2211 vicem
1215 2171 1372 2211 anno
1415 2161 1549 2230 post
1577 2153 1637 2211 in
1676 2155 1847 2212 armis
1888 2165 2039 2227 sunt,
2070 2154 2148 2214 illi
2190 2154 2352 2214 domi
2393 2174 2581 2216 rema·

572 2254 733 2302 nent.
819 2244 914 2304 Sic
953 2260 1148 2319 neque
1186 2243 1530 2319 agricultura
1558 2261 1669 2302 nec
1697 2244 1843 2303 ratio
1870 2255 2047 2322 atque
2075 2264 2214 2305 usus
2241 2245 2377 2304 belli
2406 2247 2579 2306 inter-

571 2342 828 2400 mittitur.
913 2340 1031 2400 Sed
1083 2339 1287 2417 privati
1339 2359 1409 2399 ac
1458 2342 1707 2416 separati
1751 2343 1867 2418 agri
1918 2341 2078 2419 apud
2128 2361 2231 2402 eos
2279 2343 2423 2402 nihil
2474 2355 2580 2417 est,

572 2451 765 2509 neque
814 2433 1040 2509 longius
1084 2449 1250 2490 anno
1280 2450 1581 2491 remanere
1622 2451 1742 2492 uno
1786 2434 1846 2492 in
1887 2433 2021 2493 loco
2066 2433 2362 2510 inqolendi
2406 2453 2584 2494 causa

488 2545 544 2597 15
572 2525 723 2582 licet.
811 2523 1024 2598 Neque
1051 2521 1298 2582 multum
1326 2523 1638 2596 frumento,
1668 2521 1775 2583 sed
1814 2525 2128 2584 maximam
2162 2535 2385 2601 partem
2430 2525 2583 2584 lacte

571 2625 746 2691 atque
787 2613 1014 2690 pecore‘
1039 2613 1254 2684 vivunt,
1284 2615 1651 2691 multumque
1691 2625 1825 2674 sunt
1854 2616 1914 2674 in
1940 2616 2384 2690 venationibus;
2428 2611 2581 2692 qua'e

570 2725 661 2764 res
691 2715 749 2765 et
779 2705 894 2765 cibi
920 2722 1135 2781 genere
1166 2713 1224 2763 et
1253 2705 1548 2787 cotidiana
1589 2706 2001 2766 exercitatione
2030 2718 2091 2766 et
2117 2707 2380 2766 libertate
2408 2707 2579 2778 vitae,

571 2796 752 2874 quod,
796 2815 831 2855 a
871 2798 1066 2873 pueris
1113 2797 1273 2856 nullo
1323 2796 1521 2857 officio
1570 2807 1671 2856 aut
1718 2797 2025 2874 disciplina
2072 2798 2395 2878 assuefacti,
2440 2799 2582 2857 nihil

570 2888 815 2947 omnino
864 2897 1070 2947 contra
1119 2887 1478 2947 voluntatem
1528 2887 1759 2962 faciant,
1803 2899 1863 2948 et
1903 2888 2049 2948 vires
2094 2889 2192 2948 alit
2236 2899 2297 2948 et
2340 2889 2581 2948 immani

483 3007 545 3044 20
571 2998 884 3055 corporum
938 2977 1341 3054 magnitudine
1389 2978 1659 3039 homines
1709 2979 1903 3039 efficit.
1986 2983 2180 3056 Atque
2228 2980 2289 3038 in
2334 2999 2464 3038 eam
2516 2998 2579 3039 se

569 3069 1056 3130 consuetudinem
1088 3068 1477 3141 adduxerunt,
1508 3079 1573 3128 ut
1599 3068 1745 3128 locis
1774 3069 2153 3147 frigidissimis
2182 3089 2376 3147 neque
2404 3072 2578 3130 vesti-

569 3179 661 3227 tus
709 3177 941 3244 praeter
982 3167 1147 3242 pellis
1198 3166 1482 3226 haberent
1516 3167 1851 3244 quicquam,
1892 3186 2135 3244 quarum
2178 3177 2419 3246 propter
2459 3169 2576 3228 exi-

568 3266 849 3342 guitatem
897 3282 1108 3340 magna
1155 3274 1246 3324 est
1289 3264 1549 3342 corporis
1598 3283 1729 3341 pars
1778 3275 1993 3342 aperta,
2040 3274 2100 3326 et
2150 3265 2475 3329 lavarentur
2517 3268 2576 3325 in

569 3355 918 3416 fluminibuS.

482 3471 540 3525 25
637 3439 734 3506 ‘11.
779 3445 1205 3506 Mercatoribus
1234 3456 1321 3508 est
1349 3445 1542 3506 aditus
1571 3447 1752 3524 magis
1780 3465 1875 3518 e0,
1905 3458 1986 3519 ut,
2016 3465 2167 3522 quae
2206 3447 2361 3508 bello
2400 3465 2575 3524 cepe-

568 3537 700 3611 rint,
741 3537 953 3614 quibus
995 3535 1272 3609 vendant,
1316 3536 1587 3619 habeant,
1630 3555 1807 3614 quam
1848 3555 1969 3614 quo
2012 3537 2185 3598 ullam
2227 3555 2352 3597 rem
2395 3539 2472 3597 ad
2514 3558 2575 3597 se

569 3628 866 3704 importari
905 3627 1256 3698 desiderent.
1342 3627 1501 3702 Quin
1544 3628 1720 3686 etiam
1763 3629 2053 3701 iumentis,
2083 3626 2293 3703 quibus
2322 3630 2577 3688 maxime

569 3719 721 3778 Galli
763 3715 1126 3777 delectantur
1165 3735 1434 3793 quaeque
1478 3718 1745 3793 impenso
1794 3729 1999 3794 parant
2046 3719 2251 3795 preti0,
2296 3720 2577 3780 Germani

570 3808 894 3882 importatis
936 3825 1058 3866 non
1099 3817 1350 3878 utuntur,
1386 3806 1493 3867 sed
1535 3827 1685 3882 quae
1728 3803 2058 3885 sunt'apud
2086 3821 2189 3869 eos
2216 3819 2371 3883 nata,
2402 3829 2577 3887 prava
