2796 4207
452 182 575 247 192
1096 201 1207 255 DE
1258 201 1514 259 BELLO
1567 202 1914 257 GALLICO

530 370 697 422 vatus
727 380 955 422 murum
988 362 1293 438 ascendit;
1337 364 1446 425 hos
1475 365 1599 441 ipse
1628 383 1820 425 rursus
1847 365 2104 441 singulos
2135 376 2456 442 exceptans
2485 367 2548 425 in

530 471 763 513 murum
794 455 1015 515 extulit.

611 545 897 606 XLVIII.
940 546 1182 606 Interim
1202 547 1261 620 ii,
1282 547 1385 623 qui
1414 545 1491 605 ad
1518 547 1758 606 alteram
1786 556 2012 623 partem
2037 547 2263 623 oppidi,
2286 558 2352 607 ut
2371 566 2552 625 supra

530 634 1074 710 demonstravitum,
1104 637 1440 698 munitionis
1481 656 1660 697 causa
1699 648 2115 711 convenerant,
2147 640 2338 715 primo
2366 658 2548 698 exau-

474 745 503 801 5
530 726 655 788 dito
696 728 969 799 clamore,
1000 727 1137 787 inde
1180 729 1355 788 etiam
1398 729 1616 789 crebris
1658 729 1875 787 nuntiis
1916 729 2159 801 incitati,
2188 730 2482 806 oppidum
2515 750 2552 787 a

531 819 815 891 Romanis
845 819 1047 890 teneri,
1072 820 1402 895 praemissis
1431 820 1720 896 equitibus
1750 837 1966 896 magno
1996 838 2288 879 concursu
2311 839 2386 879 eo
2407 838 2556 879 con·

530 908 861 970 tenderunt.
934 910 1155 970 Eorum
1178 920 1243 969 ut
1270 911 1518 986 quisque
1549 910 1768 986 primus
1785 920 2042 985 venerat,
2065 912 2175 970 sub
2205 930 2376 970 muro
2403 929 2550 970 con-

530 1000 769 1061 sistebat
796 1018 1152 1076 suorumque
1180 1001 1568 1077 pugnantium
1596 1018 1904 1061 numerum
1933 1003 2200 1079 augebat.
2274 1003 2550 1077 Quorum

530 1109 669 1151 cum
697 1110 909 1169 magna
937 1091 1247 1151 multitudo
1276 1092 1666 1164 convenisset,
1689 1094 2166 1165 matresfamiliae,
2191 1112 2346 1169 quae
2369 1094 2552 1169 paulo

446 1209 504 1246 ιο
530 1192 665 1242 ante
702 1184 987 1243 Romanis
1028 1182 1105 1242 de
1148 1201 1315 1242 muro
1358 1201 1566 1242 manus
1610 1182 1950 1256 tendebant,
1988 1203 2123 1243 suos
2164 1185 2448 1243 obtestari
2492 1194 2552 1242 et

532 1290 694 1333 more
738 1274 965 1334 Gallico
980 1293 1235 1351 -passum
1274 1274 1549 1350 capillum
1591 1283 1882 1334 ostentare
1926 1275 2253 1349 liberosque
2296 1275 2356 1334 in
2399 1294 2550 1334 con-

532 1373 800 1440 spectum
849 1366 1103 1442 proferre
1153 1376 1494 1441 coeperunt.
1583 1366 1723 1423 Erat
1766 1366 2051 1424 Romanis
2093 1383 2206 1423 nec
2249 1366 2386 1425 loco
2433 1384 2550 1424 nec

532 1472 779 1514 numero
821 1473 1010 1532 aequa
1050 1456 1393 1529 contentio;
1451 1456 1625 1515 simul
1667 1465 1724 1513 et
1765 1473 1936 1514 cursu
1979 1467 2038 1514 et
2079 1457 2267 1531 spatio
2309 1474 2550 1532 pugnae

532 1546 752 1623 fatigati
780 1565 901 1605 non
930 1548 1096 1606 facile
1124 1556 1389 1606 recentes
1419 1556 1595 1622 atque
1625 1548 1880 1623 integros
1909 1548 2288 1607 sustinebant.

446 1666 463 1701 1
476 1664 505 1719 5
572 1704 577 1711 ,
613 1638 828 1697 XLIX.
874 1638 1087 1697 Caesar
1106 1655 1243 1697 cum
1272 1638 1477 1713 iniquo
1507 1638 1643 1696 loco
1671 1639 1914 1714 pugnari
1945 1638 2316 1712 hostiumque
2347 1638 2553 1715 augeri

533 1728 736 1804 copias
764 1728 1003 1801 videret,
1033 1737 1444 1803 praemetuens
1479 1728 1596 1787 suis
1631 1727 1709 1786 ad
1736 1729 1934 1787 Titum
1965 1728 2225 1787 Sextium
2268 1728 2549 1804 legatum,

536 1837 715 1895 quem
746 1818 1061 1878 minoribus
1090 1819 1291 1878 castris
1312 1817 1610 1896 praesidio
1633 1819 1958 1894 reliquerat,
1985 1819 2154 1889 misit,
2181 1828 2248 1877 ut
2267 1819 2548 1877 cohortes

536 1928 611 1969 ex
652 1910 851 1970 castris
895 1909 1157 1969 celeriter
1206 1909 1485 1968 educeret
1528 1918 1586 1967 et
1627 1910 1735 1967 sub
1777 1908 1979 1968 infimo
2021 1908 2172 1968 colle
2216 1909 2292 1967 ab
2334 1909 2547 1968 dextro

536 2002 712 2060 latere
774 2000 1025 2060 hostium
1088 2000 1486 2071 constitueret,
1548 2009 1630 2072 ut,
1687 2000 1734 2057 si
1791 2009 2019 2059 nostros
2074 1999 2208 2057 loco
2267 1998 2548 2075 depulsos

446 2119 507 2154 20
537 2090 789 2164 vidisset,
848 2110 966 2168 quo
1023 2091 1213 2149 minus
1268 2090 1446 2148 libere
1510 2089 1708 2149 hostes
1768 2090 2228 2166 insequerentur,
2286 2098 2546 2150 terreret.

541 2184 675 2259 Ipse
716 2184 953 2258 paulum
998 2200 1070 2241 ex
1112 2199 1185 2240 eo
1226 2181 1361 2240 loco
1405 2197 1544 2239 cum
1586 2181 1816 2256 legione
1859 2199 2214 2258 progressus,
2259 2181 2360 2240 ubi
2403 2199 2546 2240 con-

538 2274 771 2346 stiterat,
817 2281 1089 2331 eventum
1132 2289 1363 2348 pugnae
1407 2273 1802 2346 exspectabat.

620 2365 683 2423 L.
730 2364 883 2423 Cum
926 2364 1207 2422 acerrime
1256 2361 1589 2420 comminus
1637 2372 2008 2438 pugnaretur,
2058 2362 2257 2422 hostes
2306 2363 2446 2422 loco
2491 2373 2548 2421 et

537 2473 799 2528 numero,
838 2455 1019 2514 nostri
1052 2455 1255 2513 virtute
1295 2452 1680 2525 confiderent,
1711 2453 1904 2512 subito
1947 2464 2081 2513 sunt
2107 2453 2298 2512 Aedui
2328 2454 2436 2513 visi
2475 2455 2547 2512 ab

447 2576 471 2610 2
478 2575 504 2627 5
536 2547 711 2606 latere
740 2547 949 2606 nostris
976 2555 1197 2622 aperto,
1220 2563 1370 2621 quos
1394 2545 1613 2603 Caesar
1633 2544 1709 2603 ab
1730 2544 1936 2604 dextra
1962 2554 2125 2620 parte
2153 2545 2268 2604 alio
2295 2563 2543 2606 ascensu

538 2655 742 2696 manus
772 2635 1138 2696 distinendae
1180 2654 1355 2694 causa
1394 2635 1645 2693 miserat.
1733 2635 1818 2692 Hi
1847 2635 2218 2694 similitudine
2248 2655 2544 2696 armorum

536 2727 912 2786 vehementer
939 2737 1167 2785 nostros
1195 2726 1642 2802 perterruerunt,
1673 2743 1742 2782 ac
1774 2726 2004 2784 tametsi
2039 2724 2254 2784 dextris
2288 2725 2543 2786 humeris

539 2819 775 2878 exsertis
830 2817 1452 2886 animadvertebantur,
1511 2813 1677 2890 quod
1733 2815 1958 2890 insigne
2014 2827 2357 2891 pacatorum
2415 2835 2540 2876 esse

538 2918 863 2980 consuerat,
895 2918 1092 2965 tamen
1123 2905 1181 2964 id
1210 2907 1403 2982 ipsum
1432 2906 1520 2964 sui
1550 2904 1788 2964 fallendi
1817 2923 1994 2964 causa
2021 2906 2231 2966 milites
2261 2908 2336 2968 ab
2367 2908 2537 2968 hosti-

450 3037 505 3087 30
537 3004 644 3062 bus
690 3002 906 3061 factum
958 3000 1378 3058 existimabant.
1468 2997 1702 3056 Eodem
1753 3009 2017 3073 tempore
2067 2999 2282 3058 Lucius
2329 3001 2538 3060 Fabius

535 3093 816 3163 centurio,
850 3092 1067 3166 quique
1102 3109 1219 3149 una
1252 3106 1482 3148 murum
1519 3087 1923 3161 ascenderant,
1955 3089 2337 3149 circumventi
2369 3101 2536 3168 atque

532 3184 816 3244 interfecti
849 3201 1016 3240 muro
1046 3181 1590 3258 praecipitabantur.
1666 3181 1904 3240 Marcus
1935 3181 2255 3253 PetroniuS‚
2281 3182 2538 3242 eiusdem

532 3275 773 3352 legionis
803 3274 1089 3344 centurio,
1124 3291 1259 3333 cum
1289 3283 1486 3349 portas
1523 3271 1792 3330 excidere
1825 3281 2072 3332 conatus
2101 3283 2274 3346 esset,
2304 3293 2340 3332 a
2367 3274 2541 3334 multi-

533 3365 734 3425 tudine
784 3383 1097 3442 oppressus
1139 3386 1207 3426 ac
1253 3367 1358 3425 sibi
1417 3368 1751 3446 desperanS‚
1816 3363 2009 3422 multis
2058 3363 2173 3422 iam
2221 3365 2540 3426 vulneribus

444 3481 473 3530 3
480 3479 507 3532 5
533 3456 807 3532 acceptis,
850 3457 1299 3532 manipularibus
1355 3461 1492 3535 sui5‚
1540 3461 1642 3537 qui
1683 3459 1841 3517 illum
1895 3453 2080 3513 secuti
2122 3465 2305 3528 erant,
2351 3460 2366 3486 ⁴
2387 3456 2538 3531 Quo-

533 3549 728 3618 niam,’
752 3547 956 3622 inquit,
983 3551 997 3578 ‘
1018 3566 1113 3606 me
1141 3568 1258 3607 una
1290 3551 1593 3612 vobiscum
1625 3565 1850 3610 servare
1883 3563 2000 3604 non
2037 3563 2298 3622 possum,
2328 3556 2540 3606 vestrae

534 3637 775 3710 quidem
819 3648 975 3697 certe
1022 3641 1171 3698 vitae
1213 3643 1585 3716 prospiciam,
1631 3663 1780 3720 quos
1823 3645 2139 3722 cupiditate
2190 3641 2406 3718 gloriae
2447 3637 2536 3697 ad-

536 3725 746 3784 ductus
796 3728 854 3783 in
896 3729 1217 3802 periculum
1262 3729 1496 3789 deduxi.
1582 3735 1703 3791 Vos
1743 3734 1880 3792 data
1909 3736 2176 3794 facultate
2215 3735 2382 3794 vobis
2409 3750 2534 3790 con-
