2796 4207
445 210 572 277 118
1079 228 1187 281 DE
1240 228 1497 281 BELLo
1552 227 1900 281 GALLlco

529 400 895 466 receperunt,
932 390 1126 449 statim
1168 388 1243 447 ad
1287 389 1602 448 Caesarem
1643 389 1864 465 legatos
1906 388 1983 448 de
2025 407 2175 465 pace
2216 390 2536 463 miserunt;

527 480 766 541 obsides
811 480 1068 553 daturOS,
1112 498 1381 556 quaeque
1424 480 1781 556 imperasset,
1824 479 2079 538 facturos
2125 498 2253 539 esse
2294 480 2539 556 polliciti

527 584 678 633 sunt.
761 573 901 633 Una
941 590 1078 630 cum
1128 571 1217 630 his
1261 572 1464 648 legatis
1506 570 1811 631 Commius
1853 572 2098 630 Atrebas
2139 572 2313 643 venit,
2357 589 2538 647 quem

527 683 700 742 supra
733 663 1265 724 demonstraveram
1299 682 1335 721 a
1364 663 1615 722 Caesare
1644 662 1706 721 in
1743 662 2098 720 Britanniam
2134 662 2535 738 praemissum.

475 773 501 825 5
529 757 711 815 Hunc
752 756 832 814 illi
873 773 906 814 e
948 756 1083 813 navi
1125 771 1438 831 egressum,
1469 772 1605 812 cum
1632 752 1711 812 ad
1752 771 1855 812 eos
1888 754 2129 812 oratoris
2171 752 2355 812 modo
2385 754 2534 813 Cae-

527 848 664 907 saris
711 846 987 906 mandata
1036 845 1304 917 deferret,
1356 844 1925 920 comprehenderant
1973 856 2147 919 atque
2199 845 2259 903 in
2307 845 2537 904 vincula

527 940 900 998 coniecerant
919 960 938 1013 3
981 947 1106 997 tum
1134 936 1358 1012 proelio
1381 935 1539 994 facto
1567 936 1926 994 remiserunt.
2000 936 2072 993 In
2099 935 2359 1012 petenda
2386 954 2535 1013 pace

527 1030 649 1089 eius
678 1031 761 1090 rei
789 1030 1022 1107 culpam
1059 1029 1121 1087 in
1149 1026 1581 1085 multitudinem
1621 1027 2001 1085 coniecerunt
2039 1037 2117 1099 et,
2148 1036 2387 1103 propter
2426 1028 2533 1086 im-

526 1120 896 1197 prudentiam
956 1131 1019 1181 ut
1077 1122 1492 1198 ignosceretur,
1549 1118 1892 1194 petiverunt.
2004 1119 2221 1178 Caesar
2276 1130 2533 1195 questuS‚

443 1233 502 1271 10
526 1212 706 1289 quod,
737 1231 873 1271 cum
915 1214 1065 1272 ultro
1092 1214 1154 1271 in
1195 1212 1596 1271 continentem
1639 1210 1841 1287 legatis
1882 1210 2072 1269 missis
2108 1228 2320 1286 pacem
2362 1210 2437 1269 ab
2470 1230 2533 1270 se

525 1308 826 1383 petissent,
856 1308 1074 1367 bellum
1113 1307 1238 1366 sine
1267 1324 1445 1365 causa
1484 1305 1826 1378 intulissent,
1856 1304 2160 1381 ignoscere
2195 1303 2530 1380 impruden·

525 1400 637 1457 tiae
680 1398 827 1457 dixit
865 1399 1217 1476 obsidesque
1258 1399 1601 1476 imperavit;
1660 1414 1911 1474 quorum
1952 1396 2030 1454 illi
2071 1406 2298 1471 partem
2340 1396 2533 1455 statim
2585 1435 2598 1441 —

525 1488 831 1562 dederunt,
869 1500 1095 1566 partem
1131 1509 1204 1550 ex
1229 1489 1730 1569 longinquioribus
1772 1488 1915 1547 locis
1953 1488 2287 1546 arcessitam
2327 1488 2532 1563 paucis

524 1579 730 1641 diebus
779 1599 907 1641 sese
963 1581 1200 1642 daturos
1255 1581 1542 1641 dixerunt.
1628 1581 1863 1639 Interea
1916 1597 2051 1637 suos
2106 1578 2415 1657 remigrare
2470 1580 2531 1638 in

439 1693 498 1748 15
523 1690 690 1748 agros
731 1673 1036 1745 iusserunt,
1073 1673 1486 1750 principesque
1528 1670 1789 1749 undique
1832 1672 2145 1729 convenire
2188 1680 2248 1730 et
2288 1689 2351 1731 se
2393 1670 2529 1729 civi-

523 1772 787 1839 tatesque
813 1782 946 1823 suas
975 1764 1209 1823 Caesari
1231 1762 1648 1823 commendare
1677 1773 2020 1839 coeperunt.

856 1916 1254 1987 Caesar’sfleet
1278 1918 1329 1969 is
1345 1915 1630 1986 damagcd
1644 1916 1709 1985 by
1732 1921 1910 1969 storm
1938 1914 2066 1968 and
2080 1914 2209 1967 tide.

599 2027 882 2108 XXVIII.
929 2028 1043 2086 His
1083 2027 1255 2087 rebus
1291 2046 1441 2105 pace
1484 2028 1842 2100 confirmata,
1871 2037 2008 2105 post
2040 2026 2202 2085 diem
2236 2036 2524 2102 quartum,

521 2136 696 2194 quam
739 2129 826 2178 est
867 2119 926 2177 in
968 2120 1321 2179 Britanniam
1362 2129 1620 2194 ventum,
1648 2138 1826 2180 naves
1865 2136 2027 2192 xvm,
2058 2118 2135 2178 de
2178 2118 2389 2195 quibus
2430 2137 2526 2177 su-

519 2227 626 2284 pra
658 2209 1121 2269 demonstratum
1149 2220 1254 2283 est,
1284 2229 1436 2288 quae
1472 2211 1697 2288 equites
1726 2210 2090 2283 sustulerant,
2122 2229 2197 2268 ex
2225 2210 2525 2286 superiore

435 2323 496 2360 20
522 2311 694 2376 portu
721 2301 838 2360 leni
865 2311 1040 2360 vento
1075 2301 1384 2361 solverunt.
1472 2303 1641 2378 Quae
1671 2322 1807 2361 cum
1838 2304 2375 2380 appropinquarent
2405 2303 2525 2360 Bri-

521 2392 750 2453 tanniae
779 2402 839 2450 et
867 2410 942 2450 ex
968 2393 1168 2451 castris
1189 2392 1541 2466 viderentur,
1569 2403 1731 2454 tanta
1757 2403 2071 2471 tempestas
2100 2395 2293 2454 subito
2324 2404 2531 2452 coorta

521 2493 625 2554 est,
654 2493 720 2541 ut
759 2483 914 2542 nulla
954 2502 1152 2543 earum
1193 2503 1427 2542 cursum
1470 2495 1669 2545 tenere
1710 2497 1927 2562 posset,
1965 2485 2073 2545 sed
2107 2487 2253 2544 aliae
2289 2484 2527 2556 eodem,

521 2574 677 2633 unde
707 2584 870 2633 erant
908 2576 1222 2651 profectae,
1253 2576 1616 2651 referrentur,
1644 2576 1791 2636 aliae
1818 2577 1895 2636 ad
1930 2577 2259 2636 inferiorem
2298 2586 2527 2652 partem

519 2667 756 2738 insulae,
787 2683 938 2742 quae
982 2677 1070 2725 est
1102 2667 1340 2743 propius
1377 2667 1513 2727 solis
1552 2687 1850 2742 occasum,
1880 2687 2095 2744 magno
2134 2668 2222 2727 sui
2256 2686 2393 2726 cum
2422 2684 2527 2742 pe-

435 2785 492 2837 ²5
519 2756 698 2816 riculo
741 2756 1110 2816 deicerentur
1129 2778 1147 2830 3
1191 2775 1343 2834 quae
1384 2767 1584 2819 tamen
1624 2759 1853 2819 ancoris
1892 2760 2055 2818 iactis
2084 2778 2221 2818 cum
2255 2757 2529 2816 fluctibus

519 2848 966 2923 complerentur,
999 2848 1338 2908 necessario
1379 2849 1622 2909 adversa
1668 2859 1844 2909 nocte
1886 2851 1947 2909 in
1994 2851 2172 2909 altum
2214 2857 2526 2925 provectae

518 2940 920 2998 continentem
959 2939 1266 3014 petierunt.

597 3030 814 3088 XXIX.
875 3027 1102 3088 Eadem
1129 3042 1307 3089 nocte
1337 3031 1571 3104 accidit,
1601 3043 1666 3091 ut
1693 3042 1862 3093 esset
1882 3032 2018 3092 luna
2047 3033 2237 3109 plena,
2268 3031 2369 3107 qui
2398 3030 2529 3090 dies

519 3119 834 3178 maritimos
863 3128 1056 3178 aestus
1089 3121 1375 3182 maximos
1404 3124 1464 3182 in
1494 3123 1741 3184 Oceano
1779 3122 2010 3182 efficere
2040 3122 2357 3195 consuevit,
2390 3139 2525 3180 nos-

431 3229 493 3280 30
519 3211 734 3285 trisque
762 3209 824 3268 id
853 3220 974 3268 erat
1001 3211 1380 3290 incognitum.
1453 3215 1542 3272 Ita
1571 3232 1690 3273 uno
1718 3224 1984 3289 tempore
2014 3225 2072 3273 et
2098 3215 2301 3290 longas
2327 3231 2525 3284 naveS,

517 3302 729 3379 quibus
771 3303 988 3362 Caesar
1017 3305 1336 3364 exercitum
1374 3304 1885 3382 transportandum
1921 3315 2220 3364 curaverat
2260 3321 2527 3380 quasque

517 3395 578 3453 in
605 3393 828 3453 aridum
873 3396 1243 3468 subduxerat,
1266 3407 1459 3455 aestus
1500 3397 1909 3473 compleverat,
1940 3407 2000 3456 et
2041 3396 2349 3468 onerariaS,
2373 3414 2526 3470 quae

516 3486 593 3545 ad
635 3505 878 3547 ancoras
921 3499 1084 3548 erant
1123 3487 1427 3564 deligatae,
1459 3498 1774 3563 tempestas
1816 3488 2148 3559 afflictabat,
2176 3504 2371 3562 neque
2410 3486 2529 3544 ulla

515 3579 722 3638 nostris
779 3580 1016 3639 facultas
1072 3588 1172 3638 aut
1235 3579 1676 3638 administrandi
1731 3589 1830 3638 aut
1891 3577 2204 3638 auxiliandi
2258 3576 2526 3637 dabatur.

428 3689 490 3742 35
517 3671 929 3747 Compluribus
983 3669 1226 3728 navibus
1282 3670 1475 3728 fractis
1530 3671 1785 3745 reliquae
1841 3689 1977 3728 cum
2027 3678 2240 3739 essent,
2270 3667 2526 3738 funibus,

515 3762 743 3820 ancoris
798 3760 1143 3835 reliquisque
1188 3761 1559 3818 armamentis
1602 3761 1838 3834 amissiS,
1878 3760 1957 3819 ad
2004 3758 2394 3836 navigandum
2438 3760 2525 3816 in·
