2796 4207
757 256 906 311 Lm.
946 256 1087 309 vn.
1134 255 1305 312 CAP.
1348 210 1732 310 xlx-xxxx.
2180 234 2306 302 179

198 422 468 481 laborem
510 420 657 480 ferre
698 437 819 478 non
864 428 1122 495 possent.
1207 419 1466 478 Romani
1505 418 1556 476 si
1597 434 1736 475 casu
1784 414 2214 485 intervenerint,

197 513 496 584 fortunae,
531 512 580 570 si
617 508 858 569 alicuius
900 510 1122 569 indicio
1149 510 1361 581 vocati,
1400 509 1537 567 huic
1579 506 1912 567 habendam
1953 506 2215 583 gratiam,

198 602 372 679 quod
402 612 462 661 et
489 603 845 677 paucitatem
888 619 1093 660 eorum
1135 618 1209 659 ex
1250 602 1385 659 loco
1428 599 1723 675 superiore
1765 614 2126 675 cognoscere
2155 605 2218 655 et

196 695 479 752 virtutem
522 692 825 767 despicere
868 692 1181 768 potuerint,
1211 692 1311 767 qui
1340 690 1620 750 dimicare
1651 707 1772 749 non
1812 689 1938 747 ausi
1975 687 2218 765 turpiter

197 803 267 843 sc
302 784 366 843 in
401 793 588 843 castra
625 785 971 859 receperint.
1054 783 1377 858 'Imperium
1421 800 1483 841 se
1525 783 1602 841 ab
1642 781 1892 842 Caesare
1935 798 2042 856 per
2080 796 2213 855 pro·
2240 787 2271 843 5

198 876 495 935 ditionem
548 876 768 934 nullum
826 874 1176 947 desiderare,
1226 873 1390 949 quod
1439 874 1652 932 habere
1701 872 1942 931 victoria
1995 881 2213 947 posset,

200 985 359 1043 quae
402 968 517 1025 iam
562 977 714 1025 esset
758 966 867 1025 sibi
912 976 1087 1041 atque
1138 965 1412 1024 omnibus
1454 965 1636 1023 Gallis
1681 964 2015 1039 explorata3
2071 961 2216 1037 quin

200 1059 384 1117 etiam
426 1058 565 1133 ipsis
607 1057 921 1128 remittere,
956 1058 1005 1115 si
1038 1057 1147 1115 sibi
1189 1056 1373 1132 magis
1416 1055 1702 1113 honorem
1742 1054 1992 1113 tribuere
2036 1069 2216 1129 quam

201 1150 280 1207 ab
332 1167 395 1207 se
446 1149 691 1208 salutem
740 1149 1008 1223 accipere
1053 1148 1377 1207 videantur.
1463 1151 1478 1177 ‘
1500 1148 1674 1205 Haec
1723 1156 1788 1204 ut
1832 1145 2212 1223 intellegatis,’

202 1240 411 1315 inquit,
444 1245 515 1298 ‘a
553 1258 648 1298 me
692 1240 916 1298 sincere
957 1240 1335 1315 pronuntiari,
1379 1238 1577 1297 audite
1622 1239 1926 1297 Romanos
1967 1236 2212 1296 milites?
2244 1250 2306 1288 ιο

205 1330 489 1389 Producit
515 1348 731 1401 serv05,
762 1348 910 1405 quos
940 1331 1000 1388 in
1030 1331 1404 1406 pabulatione
1445 1330 1649 1405 paucis
1689 1339 1825 1388 ante
1868 1326 2076 1387 diebus
2115 1346 2212 1387 ex·

203 1432 443 1497 ceperat
498 1430 559 1479 et
604 1422 757 1479 fame
807 1422 1169 1496 vinculisque
1226 1421 1677 1479 excruciaverat.
1763 1420 1849 1477 Hi
1906 1419 2022 1477 iarn
2077 1429 2212 1478 ante

204 1511 423 1587 edocti,
467 1531 619 1589 quae
661 1514 997 1588 interrogati
1043 1513 1502 1589 pronuntiarent,
1546 1512 1755 1570 milites
1797 1528 1859 1569 se
1903 1528 2031 1569 esse
2073 1510 2212 1587 legi-

203 1604 439 1663 onarios
494 1603 737 1673 dicunt3
796 1605 951 1662 fame
998 1613 1057 1661 et
1106 1604 1306 1680 inopia
1352 1601 1642 1661 adductos
1693 1602 1844 1660 clam
1893 1618 1966 1659 ex
2015 1602 2215 1661 castris

205 1694 412 1766 exisse,
442 1695 490 1752 si
518 1694 663 1770 quid
692 1695 962 1752 frumenti
990 1705 1090 1753 aut
1118 1694 1351 1771 pecoris
1379 1694 1446 1751 in>
1470 1692 1618 1769 agris
1645 1694 1896 1769 reperire
1933 1702 2174 1769 possent
2195 1714 2213 1766 3
2246 1717 2304 1773 ις

204 1786 378 1844 simili
406 1786 657 1844 ornnem
678 1786 999 1843 exercitum
1027 1785 1231 1861 inopia
1257 1784 1464 1861 premi,
1489 1801 1601 1841 nec
1629 1784 1746 1842 iam
1769 1784 1918 1842 vires
1946 1783 2214 1843 sufficere

203 1877 551 1952 cuiusquam
589 1893 703 1934 nec
731 1876 876 1934 ferre
919 1876 1113 1951 operis
1154 1875 1416 1934 laborem
1458 1892 1672 1951 posse3
1715 1875 1911 1951 itaque
1946 1874 2212 1934 statuisse

203 1968 636 2043 imperatorem,
679 1966 727 2025 si
768 1966 911 2025 nihil
954 1967 1015 2025 in
1063 1966 1505 2043 oppugnatione
1556 1964 1764 2042 oppidi
1810 1966 2211 2042 profecissent,

202 2056 402 2117 triduo
430 2058 749 2117 exercitum
788 2056 1102 2116 deducere.
1188 2061 1203 2089 ‘
1225 2052 1438 2131 Haec,'
1468 2057 1673 2134 inquit,
1705 2060 1721 2088 ‘
1742 2074 1780 2118 a
1806 2058 1944 2131 me,’
1971 2056 2209 2117 Vercin-

202 2150 449 2226 getorix,
508 2153 525 2180 ‘
546 2149 836 2209 beneficia
889 2150 1131 2222 habetis,
1190 2167 1367 2225 quem
1424 2149 1771 2225 proditionis
1831 2149 2171 2209 insimulatis
2193 2171 2210 2223 3
2236 2165 2302 2205 20

204 2242 369 2301 cuius
398 2258 581 2318 opera
606 2241 731 2300 sine
758 2252 950 2300 vestro
991 2241 1270 2317 sanguine
1313 2251 1540 2299 tantum
1581 2241 1902 2300 exercitum
1928 2241 2208 2301 victorem

204 2333 359 2390 fame
389 2341 803 2407 consumptum
831 2330 1039 2390 videtis
1061 2353 1079 2405 3
1108 2349 1287 2407 quem
1309 2332 1552 2407 turpiter
1578 2349 1642 2390 se
1664 2349 1738 2390 ex
1765 2331 1902 2408 fuga
1927 2332 2210 2409 recipien-

203 2433 325 2483 tem
354 2441 431 2482 ne
460 2441 579 2499 qua
605 2423 805 2481 civitas
834 2423 950 2482 suis
978 2423 1191 2482 finibus
1221 2424 1482 2500 recipiat,
1513 2441 1548 2482 a
1575 2441 1672 2483 me
1700 2424 1996 2501 provisum
2025 2426 2150 2484 est!

284 2515 448 2574 XXI.
495 2513 841 2573 Conclamat
877 2515 1069 2573 omnis
1111 2513 1422 2573 multitudo
1452 2524 1512 2574 et
1539 2533 1647 2575 suo
1675 2533 1839 2576 more
1869 2515 2042 2576 armis
2071 2533 2210 2575 con-

204 2615 425 2682 crepat,
448 2604 612 2683 quod
640 2606 830 2665 facere
860 2606 919 2665 in
948 2625 1023 2665 eo
1051 2618 1426 2680 consuerunt,
1453 2608 1616 2668 cuius
1644 2609 1972 2668 orationem
1999 2626 2209 2685 appro-
2240 2628 2302 2683 25

204 2698 385 2771 bant3
443 2715 736 2757 summum
780 2714 907 2757 esse
948 2698 1486 2776 Vercingetorigem
1532 2700 1768 2775 ducem,
1812 2717 1924 2759 nec
1967 2698 2044 2759 de
2087 2700 2211 2760 eius

205 2789 322 2848 fide
372 2788 781 2860 dubitandum,
830 2807 945 2847 nec
999 2791 1219 2850 maiore
1274 2792 1498 2850 ratione
1553 2792 1769 2852 bellum
1825 2791 2212 2851 administrari

204 2897 397 2955 posse.
463 2880 749 2950 Statuunt,
768 2889 832 2937 ut
854 2878 1065 2939 decern
1087 2881 1245 2939 milia
1265 2881 1572 2941 hominum
1595 2884 1826 2942 delecta
1846 2901 1919 2942 ex
1939 2883 2212 2944 omnibus

204 2969 391 3047 copiis
411 2970 471 3028 in
495 2968 782 3046 oppidum
811 2971 1126 3042 mittantur,
1148 2988 1263 3030 nec
1292 2973 1429 3031 solis
1457 2974 1806 3050 Biturigibus
1833 2992 2208 3034 communem

205 3062 451 3120 salutem
486 3060 972 3120 committendam
1014 3075 1278 3135 censent,
1310 3063 1476 3138 quod
1513 3081 1694 3139 penes
1723 3083 1843 3138 eos„
1875 3065 1922 3124 si
1951 3065 2012 3124 id
2041 3065 2209 3142 oppi-
2238 3087 2301 3140 30

204 3151 348 3210 dum
377 3152 763 3224 retinuissent,
794 3170 1083 3211 summam
1110 3153 1383 3212 victoriae
1414 3165 1677 3215 constare
1707 3155 2139 3232 intellegebant.

282 3243 481 3302 XXII.
526 3243 807 3318 Singulari
848 3244 1094 3302 militum
1135 3254 1466 3303 nostrorum
1504 3246 1696 3306 virtuti
1737 3247 1978 3306 consilia
2018 3248 2208 3308 cuius-

205 3332 490 3409 quemodi
506 3334 808 3394 Gallorum
825 3335 1227 3410 occurrebant,
1246 3345 1310 3394 ut
1328 3346 1415 3395 est
1436 3354 1698 3396 summae
1718 3355 1904 3414 genus
1927 3339 2210 3399 sollertiae

204 3435 380 3501 atque
424 3424 501 3484 ad
542 3426 743 3484 omnia
783 3425 1065 3486 imitanda
1090 3436 1151 3486 et
1178 3427 1504 3499 efficienda,
1535 3447 1687 3504 quae
1715 3431 1792 3490 ab
1821 3449 2060 3508 quoque
2099 3441 2208 3491 tra-

206 3513 441 3588 duntur,
469 3516 848 3590 aptissimum.
937 3517 1093 3577 Nam
1124 3527 1183 3576 et
1209 3518 1431 3595 laqueis
1458 3519 1634 3579 falces
1661 3523 2015 3596 avertebant,
2046 3540 2208 3598 quas,
2238 3541 2297 3594 35

206 3623 343 3664 cum
382 3604 829 3679 destinaverant,
860 3608 1163 3668 tormentis
1204 3609 1480 3669 introrsus
1522 3610 1902 3686 reducebant,
1943 3623 2001 3672 et
2036 3630 2207 3689 agge·

208 3713 331 3754 rem
385 3697 668 3757 cuniculis
724 3698 1159 3772 subtrahebant,
1210 3715 1287 3759 eo
1335 3701 1629 3773 scientim,
1680 3703 1844 3778 quod
1898 3703 2058 3780 apud
2107 3721 2211 3762 eos

210 3805 452 3864 magnae
483 3798 617 3847 sunt
646 3790 909 3847 ferrariae
940 3801 1114 3866 atque
1144 3799 1321 3850 om'ne
1349 3810 1536 3868 genus
1565 3794 1968 3853 cuniculorum
2003 3805 2210 3854 notum
