2796 4207
456 221 580 285 168
1106 237 1213 289 DE
1267 238 1522 291 BELLO
1577 238 1921 292 GALLICO

620 400 779 459 XLI.
823 398 1102 459 Germani
1149 397 1458 474 desperata
1507 399 1939 475 expugnatione
1996 411 2334 472 castrorum,
2387 402 2546 478 quod

542 500 769 550 nostros
824 490 939 548 iam
996 490 1320 549 constitisse
1370 491 1433 549 in
1475 491 1896 550 munitionibus
1943 490 2238 563 videbant,
2293 511 2428 552 cum
2481 511 2549 551 ea

540 579 775 656 praeda,
805 598 981 656 quam
1027 581 1085 638 in
1124 581 1276 640 silvis
1318 580 1732 658 deposuerant,
1773 591 1928 641 trans
1972 581 2252 641 Rhenum
2293 602 2422 642 sese
2459 602 2544 642 re-

538 680 840 747 ceperunt.
930 672 1017 729 Ac
1073 680 1266 730 tantus
1322 672 1430 731 fuit
1485 673 1662 731 etiam
1717 681 1854 748 post
1910 670 2235 732 discessum
2293 673 2546 733 hostium

484 778 512 830 5
538 772 737 833 terror,
766 771 831 819 ut
870 779 944 820 ea
978 771 1175 834 nocte,
1205 780 1343 821 cum
1373 763 1556 824 Gaius
1583 764 1915 822 Volusenus
1953 764 2162 823 missus
2205 783 2344 823 cum
2385 767 2546 841 equi-

537 862 659 911 tatu
698 850 776 910 ad
818 862 1005 911 castra
1044 854 1315 926 venisset,
1360 853 1542 913 fidem
1589 872 1709 913 non
1750 855 1984 927 faceret,
2029 854 2234 913 adesse
2279 875 2417 914 cum
2459 857 2544 914 in-

535 942 753 1002 columi
781 944 1093 1002 Caesarem
1123 946 1398 1005 exercitu.
1484 946 1578 1007 Sic
1615 946 1858 1006 omnino
1897 947 2124 1005 animos
2165 946 2340 1005 timor
2379 964 2545 1023 prae-

536 1042 943 1109 occupaverat,
974 1044 1037 1092 ut
1064 1052 1254 1110 paene
1283 1036 1533 1095 alienata
1560 1046 1757 1096 mente
1795 1036 2002 1095 deletis
2044 1037 2318 1095 omnibus
2361 1035 2550 1113 copiis

536 1124 859 1201 equitatum
914 1142 977 1183 se
1034 1142 1110 1184 ex
1156 1126 1293 1203 fuga
1345 1128 1636 1204 recepisse
1693 1127 1957 1188 dicerent
2012 1145 2206 1203 neque
2264 1126 2549 1187 incolumi

451 1236 513 1273 ιο
537 1216 794 1276 exercitu
824 1217 1153 1277 Germanos
1194 1228 1381 1278 castra
1423 1230 1860 1296 oppugnaturos
1891 1220 2062 1278 fuisse
2095 1218 2547 1278 contenderent.

538 1307 735 1383 Quem
763 1308 1032 1368 timorem
1061 1308 1328 1369 Caesaris
1356 1309 1643 1369 adventus
1671 1310 1914 1369 sustulit.

614 1402 807 1461 XLII.
852 1402 1140 1462 Reversus
1194 1402 1307 1475 ille,
1358 1413 1601 1462 eventus
1650 1404 1784 1463 belli
1834 1421 1955 1461 non
2004 1404 2292 1479 ignoranS,
2339 1421 2550 1479 unum,

534 1492 699 1567 quod
727 1493 998 1552 cohortes
1019 1512 1093 1552 ex
1114 1492 1361 1553 statione
1385 1503 1445 1553 et
1466 1494 1758 1570 praesidio
1787 1503 1982 1553 essent
2009 1494 2274 1565 emissae,
2300 1504 2547 1569 questus

539 1582 641 1661 (ne
684 1584 926 1642 minimo
969 1583 1211 1660 quidem
1253 1602 1393 1643 casu
1435 1584 1632 1643 locum
1670 1584 1915 1659 relinqui
1959 1582 2257 1660 debuisse)
2290 1585 2546 1643 multum

454 1682 510 1735 ι5
536 1674 826 1733 fortunam
873 1673 934 1733 in
980 1675 1289 1751 repentino
1338 1674 1592 1733 hostium
1641 1674 1896 1733 adventu
1942 1675 2200 1749 potuisse
2245 1674 2548 1747 iudicavit,

537 1766 722 1824 multo
768 1765 944 1824 etiam
989 1766 1255 1841 amplius,
1304 1764 1468 1841 quod
1517 1783 1707 1841 paene
1749 1766 1824 1824 ab
1866 1765 1996 1841 ipso
2037 1765 2189 1823 vallo
2239 1765 2548 1840 portisque

525 1848 858 1915 ‘castrorum
916 1856 1189 1915 barbaros
1254 1857 1568 1915 avertisset.
1680 1856 1943 1930 Quarum
2010 1856 2272 1914 omnium
2344 1873 2544 1914 rerum

537 1947 789 2006 maxime
831 1945 1239 2005 admirandum
1268 1946 1590 2017 videbatur,
1621 1945 1786 2022 quod
1815 1946 2112 2017 Germani,
2145 1947 2244 2020 qui
2277 1963 2352 2003 eo
2396 1964 2545 2004 con-

536 2039 664 2097 silio
692 2039 971 2097 Rhenum
999 2038 1357 2108 transierant,
1390 2047 1454 2096 ut
1474 2037 1825 2113 Ambiorigis
1853 2036 2000 2095 fines
2028 2036 2547 2113 depopularentur,

452 2147 513 2183 20
536 2129 615 2189 ad
654 2140 840 2189 castra
877 2131 1281 2189 Romanorum
1323 2128 1502 2188 delati
1543 2129 1970 2205 optatissimum
1999 2128 2319 2204 Ambiorigi
2362 2129 2548 2187 bene-

538 2222 736 2281 ficium
765 2221 1115 2281 obtulerunt.

542 2385 755 2440 Caesar
784 2383 1054 2439 chastius
1090 2382 1183 2438 tlte
1206 2383 1518 2448 Eburones,
1558 2383 1701 2437 calls
1736 2400 1774 2437 a
1805 2382 2031 2437 council
2048 2385 2122 2453 os
2147 2383 2320 2446 Gaul,
2351 2384 2551 2452 places

808 2465 900 2519 his
923 2482 1089 2534 army
1113 2465 1175 2518 in
1202 2465 1414 2518 winter
1434 2470 1719 2534 quartem,
1748 2462 1877 2516 and
1881 2480 2015 2534 goes
2038 2469 2094 2516 to
2111 2463 2281 2532 Italy.

617 2589 842 2653 XLIII,
886 2590 1105 2648 Caesar
1129 2605 1321 2646 rursus
1342 2585 1421 2645 ad
1443 2585 1741 2645 vexandos
1769 2586 1972 2645 hostes
2001 2586 2296 2662 profectus
2325 2604 2546 2661 magno

539 2690 749 2739 coacto
770 2697 1016 2739 numero
1034 2698 1109 2737 ex
1130 2679 1386 2737 finitimis
1411 2677 1736 2736 civitatibus
1755 2678 1814 2735 in
1831 2695 2039 2736 omnes
2062 2686 2254 2754 partes
2284 2676 2543 2736 dimittit.

540 2771 766 2831 Omnes
794 2771 905 2828 vici
932 2779 1108 2846 atque
1136 2770 1336 2828 omnia
1363 2769 1652 2841 aedificia,
1681 2786 1832 2844 quae
1861 2768 2107 2844 quisque
2140 2778 2544 2843 conspexerat,

454 2880 514 2933 25
539 2860 1038 2933 incendebantur3
1079 2859 1302 2936 praeda
1328 2878 1406 2918 ex
1432 2860 1704 2919 omnibus
1726 2859 1870 2918 locis
1898 2859 2214 2934 agebatur3
2254 2859 2544 2916 frumenta

541 2970 660 3011 non
708 2953 895 3011 solum
944 2960 1103 3010 tanta
1150 2950 1521 3010 multitudine
1571 2951 1963 3009 iumentorum
2013 2959 2188 3026 atque
2239 2949 2541 3008 hominum

541 3044 1050 3113 consumebantur,
1081 3041 1183 3100 sed
1216 3041 1391 3100 etiam
1421 3041 1560 3100 anni
1588 3051 1853 3117 tempore
1883 3050 2058 3115 atque
2094 3040 2374 3099 imbribus
2407 3058 2542 3115 pro-

541 3133 879 3205 cubuerant,
902 3143 985 3205 ut,
1010 3134 1056 3191 si
1079 3133 1178 3208 qui
1200 3133 1375 3191 etiam
1398 3133 1459 3190 in
1481 3133 1807 3207 praesentia
1828 3149 1890 3189 se
1915 3131 2324 3202 occultassent‚
2347 3140 2544 3188 tamen

543 3225 631 3283 his
659 3223 919 3282 deducto
948 3225 1205 3282 exercitu
1233 3241 1425 3281 rerum
1452 3223 1718 3280 omniurn
1753 3223 1951 3297 inopia
1986 3221 2351 3297 pereundum
2379 3221 2544 3279 vide-

456 3341 517 3392 30
542 3325 712 3373 retur.
795 3317 883 3372 Ac
917 3333 1093 3390 saepe
1132 3315 1192 3372 in
1230 3333 1365 3373 eum
1409 3314 1606 3372 locum
1634 3322 1871 3372 ventum
1917 3322 2004 3371 est
2045 3323 2208 3371 tanto
2251 3313 2311 3370 in
2351 3311 2544 3370 omnis

542 3405 717 3480 partis
758 3404 943 3463 diviso
986 3405 1263 3480 equitatu,
1303 3414 1367 3462 ut
1405 3403 1587 3463 modo
1615 3404 1803 3462 visum
1845 3403 1921 3462 ab
1962 3422 2024 3462 se
2054 3403 2452 3478 Ambiorigem
2481 3403 2542 3458 in

544 3497 679 3571 fuga
717 3495 1231 3570 circumspicerent
1272 3494 1486 3570 captivi
1522 3512 1636 3553 nec
1673 3494 1846 3570 plane
1883 3494 2058 3552 etiam
2086 3494 2275 3552 abisse
2303 3511 2376 3552 ex
2403 3510 2545 3551 con-

544 3595 747 3661 spectu
791 3585 1235 3656 contenderent,
1266 3595 1329 3642 ut
1357 3602 1463 3660 spe
1493 3584 1898 3661 consequendi
1932 3585 2086 3642 illata
2111 3594 2290 3660 atque
2317 3584 2544 3642 infinito

543 3675 741 3735 labore
770 3685 1062 3750 suscepto,
1091 3675 1194 3749 qui
1220 3692 1284 3734 se
1313 3693 1603 3733 summam
1631 3674 1706 3733 ab
1735 3674 1986 3735 Caesare
2023 3676 2264 3751 gratiam
2306 3676 2546 3734 inituros

544 3774 831 3839 putarent,
853 3783 1043 3840 paene
1071 3774 1335 3823 naturam
1364 3764 1559 3823 studio
1587 3765 1906 3838 vincerent,
1929 3783 2279 3842 semperque
2309 3767 2544 3843 paulum
