2796 4207
939 242 1085 297 Lis.
1125 242 1225 295 v1.
1267 242 1434 295 CAP.
1479 242 1611 294 1-v.
2183 224 2307 291 151

288 410 407 468 ΙΙΙ.
455 408 663 483 Itaque
719 406 985 465 nondum
1044 408 1238 465 hieme
1294 406 1567 465 confecta
1613 406 1892 482 proximis
1947 416 2222 482 quattuor

199 501 429 560 coactis
456 499 783 575 legionibus
811 498 887 556 de
916 499 1229 573 improviso
1258 498 1319 555 in
1347 498 1494 555 fines
1526 498 1873 555 Nerviorum
1911 498 2220 557 contendit

200 602 281 663 et,
312 590 653 667 priusquam
682 589 757 647 illi
788 599 888 647 aut
914 590 1227 648 convenire
1257 597 1357 646 aut
1384 588 1691 663 profugere
1721 599 1980 663 possent,
2002 608 2217 666 magno

197 682 437 758 pecoris
466 691 641 755 atque
670 680 974 739 hominum
1006 698 1249 738 numero
1278 689 1453 754 capto
1481 687 1658 753 atque
1689 698 1759 737 ea
1779 680 2000 755 praeda
2027 680 2216 739 militi-

197 774 314 832 bus
360 791 647 831 concessa
689 772 1039 848 vastatisque
1084 772 1231 847 agris
1276 772 1337 829 in
1386 769 1748 829 deditionem
1799 773 1995 829 venire
2038 782 2216 847 atque
2244 786 2271 842 5

197 863 443 923 obsides
470 865 581 922 sibi
604 863 744 921 dare
766 864 977 939 coegit.
1052 864 1142 921 Eo
1171 863 1434 920 celeriter
1454 863 1728 920 confecto
1760 864 1996 938 negotio
2024 881 2216 923 rursus

196 957 265 1013 in
292 954 537 1013 hiberna
568 956 831 1031 legiones
867 954 1114 1013 reduxit.
1199 954 1468 1013 Concilio
1500 953 1720 1012 Galliae
1751 954 1940 1028 primo
1968 972 2119 1028 vere,
2153 964 2218 1013 ut

196 1047 547 1119 instituerat,
594 1044 837 1119 indict0,
887 1063 1025 1103 cum
1068 1044 1273 1119 reliqui
1318 1054 1546 1119 praeter
1592 1040 1876 1113 SenoneS‚
1927 1044 2214 1103 Carnutes

194 1138 608 1211 Treverosque
637 1136 948 1207 venissent,
980 1135 1205 1193 initium
1252 1135 1385 1194 belli
1422 1153 1492 1191 ac
1534 1134 1884 1194 desectionis
1925 1134 2041 1193 hoc
2084 1153 2212 1195 esse

197 1228 524 1298 arbitratuS,
548 1236 613 1285 ut
634 1228 835 1285 omnia
860 1237 1216 1303 postponere
1239 1225 1550 1298 videretur,
1573 1225 1890 1283 concilium
1922 1226 2212 1285 Lutetiam
2245 1252 2304 1288 10

198 1318 550 1377 Parisiorum
580 1317 865 1375 transfert.
951 1317 1234 1376 Confines
1263 1325 1429 1374 erant
1455 1316 1514 1374 hi
1544 1316 1871 1375 Senonibus
1900 1317 2213 1375 civitatem-

196 1426 317 1485 que
340 1398 572 1485 patrum
594 1408 879 1467 memoria
906 1409 1345 1479 coniunxerant,
1368 1406 1477 1465 sed
1498 1407 1573 1466 ab
1595 1406 1709 1465 hoc
1731 1407 1976 1465 consilio
1999 1407 2208 1467 afuisse
2275 1413 2280 1417 ’

197 1500 695 1559 existimabantur.
782 1500 917 1556 Hac
940 1518 1001 1557 re
1030 1518 1136 1574 pro
1164 1506 1439 1575 suggestu
1469 1498 1840 1574 pronuntiata
1870 1498 2086 1556 eodem
2114 1497 2210 1558 die

198 1610 337 1649 cum
370 1591 696 1666 legionibus
722 1590 784 1649 in
812 1591 1073 1649 Senones
1108 1589 1494 1665 proficiscitur
1529 1588 1870 1664 magnisque
1913 1588 2211 1649 itineribus

198 1700 273 1740 eo
304 1683 589 1758 pervenit.
1517 1670 1528 1682 ’
2243 1695 2300 1751 15

285 1774 389 1831 IV.
437 1772 693 1848 Cognito
723 1772 846 1830 eius
873 1770 1131 1829 adventu
1158 1772 1341 1843 Acco,
1373 1770 1474 1845 qui
1513 1770 1788 1846 princeps
1823 1771 1946 1828 eius
1989 1772 2212 1830 consilii

198 1864 402 1935 fuerat,
446 1863 609 1921 iubet
652 1864 709 1921 in
760 1862 981 1938 oppida
1029 1861 1461 1920 multitudinem
1510 1862 1844 1920 convenire.
1929 1861 2208 1921 Conanti-

198 1954 325 2028 buS,
366 1954 703 2029 priusquam
744 1951 803 2011 id
846 1953 1000 2011 effici
1041 1962 1259 2027 posset,
1298 1950 1506 2009 adesse
1547 1952 1850 2010 Romanos
1892 1951 2205 2013 nuntiatur.

200 2045 551 2105 Necessario
590 2044 877 2103 sententia
916 2042 1203 2101 desistunt
1244 2043 1582 2120 legatosque
1626 2041 1988 2119 deprecandi
2031 2062 2209 2103 causa

194 2137 273 2196 ad
294 2139 613 2198 Caesarem
641 2137 875 2195 mittunt
893 2157 911 2209 3
956 2135 1175 2193 adeunt
1200 2153 1307 2211 per
1327 2133 1588 2207 AeduOS‚
1613 2154 1862 2211 quorum
1891 2136 2206 2215 antiquitus
2234 2164 2297 2199 20

194 2239 318 2287 erat
346 2230 409 2286 in
435 2227 555 2286 fide
585 2227 801 2285 civitas,
887 2227 1163 2286 Libenter
1201 2227 1421 2285 Caesar
1461 2228 1796 2302 petentibus
1841 2228 2063 2289 Aeduis
2106 2231 2208 2289 dat

190 2323 426 2381 veniam
472 2321 1025 2396 excusationemque
1069 2320 1299 2395 accipit,
1332 2319 1495 2395 quod
1530 2322 1811 2380 aestivum
1854 2333 2086 2400 tempus
2121 2325 2204 2382 in-

190 2414 399 2473 stantis
430 2413 587 2486 belli,
616 2432 739 2472 non
776 2413 1135 2489 quaestionis
1176 2432 1304 2472 esse
1346 2414 1665 2473 arbitratur.
1752 2415 2071 2476 Obsidibus
2101 2418 2205 2475 im-

190 2505 410 2581 peratis
466 2513 722 2574 centum,
780 2503 887 2562 hos
937 2502 1157 2562 Aeduis
1214 2504 1638 2565 custodiendos
1695 2507 1884 2566 tradit.
1972 2507 2204 2566 Eodem

190 2597 484 2655 Carnutes
516 2595 738 2670 legatos
777 2593 1127 2669 obsidesque
1172 2595 1427 2667 mittunt,
1459 2597 1547 2654 usi
1578 2595 2056 2672 deprecatoribus
2088 2599 2203 2656 Re·
2235 2624 2294 2676 25

189 2688 323 2758 mis,
383 2703 632 2761 quorum
689 2695 853 2743 erant
906 2685 964 2743 in
1022 2685 1327 2744 clientela:
1388 2686 1600 2745 eadem
1657 2687 1846 2746 ferunt
1909 2706 2204 2764 responsa.

192 2777 427 2852 Peragit
468 2776 782 2835 concilium
826 2776 1041 2834 Caesar
1082 2777 1426 2852 equitesque
1472 2777 1719 2852 imperat
1759 2778 2101 2839 civitatibus,

272 2869 347 2926 V.
382 2867 519 2925 Hac
557 2876 720 2942 parte
752 2866 971 2925 Galliae
1013 2876 1223 2942 pacata
1264 2877 1420 2925 totus
1463 2877 1523 2925 et
1564 2877 1762 2926 mente
1791 2873 1867 2926 'et
1906 2869 2103 2928 animo
2145 2869 2206 2926 in

190 2959 413 3018 bellurn
449 2960 837 3017 Treverorum
876 2968 934 3016 et
973 2958 1321 3034 Ambiorigis
1363 2959 1591 3018 insistit.
1676 2959 2025 3018 Cavarinum
2069 2979 2205 3018 cum

150 3050 157 3054 ’
192 3051 455 3126 equitatu
486 3051 787 3109 Senonum
815 3067 1017 3107 secum
1045 3049 1337 3126 proficisci
1366 3050 1546 3122 iubet,
1569 3068 1646 3108 ne
1667 3052 1798 3126 quis
1817 3061 1917 3109 aut
1937 3070 2009 3110 ex
2037 3052 2206 3110 huius
2234 3086 2296 3137 30

192 3140 497 3200 iracundia
540 3149 640 3199 aut
688 3159 763 3198 ex
807 3158 900 3212 e0,
950 3139 1115 3215 quod
1163 3151 1470 3214 meruerat,
1516 3141 1658 3199 odio
1715 3141 1956 3201 civitatis
2012 3153 2206 3201 motus

194 3234 448 3292 exsistat.
536 3233 650 3290 His
678 3232 852 3291 rebus
879 3232 1223 3305 constitutis,
1254 3229 1420 3306 quod
1447 3250 1555 3307 pro
1592 3233 1889 3307 explorato
1928 3232 2199 3306 habebat,

191 3322 596 3400 Ambiorigem
650 3323 874 3399 proelio
919 3342 1040 3381 non
1089 3341 1217 3382 esse
1272 3333 1763 3395 concertaturum,
1813 3324 2035 3399 reliqua
2080 3325 2203 3383 eius

192 3414 437 3474 consilia
486 3414 682 3473 animo
738 3413 1260 3489 circumspiciebat.
1348 3414 1528 3471 Erant
1578 3415 1839 3489 Menapii
1889 3415 2201 3491 propinqui

196 3506 543 3565 Eburonum
582 3504 811 3576 finibuS‚
848 3505 1143 3580 perpetuis
1183 3502 1492 3579 paludibus
1535 3503 1805 3580 silvisque
1846 3505 2073 3578 muniti,
2103 3506 2205 3581 qui
2230 3540 2293 3593 35

195 3597 295 3654 uni
323 3615 400 3655 ex
429 3595 619 3656 Gallia
645 3594 722 3652 de
756 3613 905 3670 pace
944 3594 1021 3654 ad
1050 3596 1361 3654 Caesarem
1404 3595 1624 3672 legatos
1665 3614 1987 3671 numquam
2033 3597 2202 3655 mise·

194 3697 338 3748 rant.
425 3689 583 3748 Cum
614 3685 703 3744 his
746 3705 872 3745 esse
916 3687 1232 3762 hospitium
1261 3686 1582 3762 Ambiorigi
1618 3687 1839 3745 sciebat
1857 3709 1876 3761 3
1919 3688 2061 3746 item
2102 3706 2208 3764 per

195 3780 480 3839 Treveros
510 3778 734 3836 venisse
770 3779 1075 3836 Germanis
1118 3779 1177 3835 in
1220 3778 1533 3836 amicitiam
1576 3788 1944 3853 cognoverat.
2033 3781 2205 3837 Haec
