2796 4207
937 207 1082 262 Lm.
1127 207 1172 259 1.
1219 206 1386 260 cAP.
1432 204 1683 258 L-L111.
2275 182 2353 246 75
2526 264 2533 271 ,

253 375 397 433 lium
438 367 879 450 proficiscentes
915 369 1096 446 passis
1136 368 1405 426 manibus
1432 366 1637 425 flentes
1663 364 2068 442 implorabant,
2096 380 2173 422 ne
2202 380 2263 421 se

254 468 318 524 in
346 466 680 525 servitutem
709 464 993 523 Romanis
1021 460 1331 520 traderent.

446 652 621 707 There
643 653 695 705 is
717 669 754 706 a
781 650 1064 719 desperate
1089 647 1257 702 battle
1267 666 1299 711 ,·
1336 645 1429 701 the
1454 646 1735 701 Germani·
1758 660 1859 698 are
1883 644 2090 697 routed.

347 778 482 837 LII.
527 775 744 834 Caesar
787 772 1021 849 singulis
1064 770 1387 847 legionibus
1425 769 1678 845 singulos
1716 769 1937 844 legatos
1982 778 2042 827 et
2084 785 2266 843 quae-

259 879 483 927 storem
523 865 820 944 praefecit,
851 864 934 921 uti
963 882 1065 922 eos
1094 872 1272 921 testes
1299 879 1437 919 suae
1468 861 1713 935 quisque
1743 858 1961 917 virtutis
1991 858 2230 920 haberet
2249 883 2267 934 3

257 960 389 1034 ipse
417 977 454 1015 a
483 956 690 1015 dextro
720 972 922 1027 cornu,
952 952 1117 1029 quod
1147 970 1278 1011 eam
1316 961 1543 1027 partem
1585 950 1823 1008 minime
1865 950 2092 1007 firmam
2133 951 2267 1011 hos-
2300 968 2326 1020 5

257 1050 408 1107 tium
464 1065 590 1106 esse
648 1043 1147 1115 animadverterat,
1196 1042 1482 1118 proelium
1532 1041 1841 1099 commisit.
1943 1042 2035 1099 Ita
2090 1044 2269 1103 nostri

254 1139 470 1197 acriter
509 1138 571 1196 in
614 1137 812 1195 hostes
841 1134 1008 1211 signo
1038 1133 1178 1193 dato
1207 1134 1494 1209 impetum
1522 1132 1804 1204 fecerunt,
1835 1132 2029 1206 itaque
2072 1132 2269 1192 hostes

252 1240 503 1308 repente
533 1228 912 1303 celeriterque
952 1233 1377 1302 procurrerunt,
1419 1233 1484 1282 ut
1522 1224 1773 1299 spatium
1813 1223 1931 1299 pila
1970 1224 2031 1282 in
2073 1225 2269 1283 hostes

255 1320 594 1381 coniciendi
652 1337 775 1377 non
831 1318 1081 1377 daretur.
1183 1316 1441 1375 Reiectis
1498 1315 1624 1390 pilis
1680 1316 2008 1374 comminus
2064 1316 2269 1392 gladiis

257 1424 589 1489 pugnatum
631 1421 736 1470 est.
821 1412 898 1468 At
940 1408 1223 1469 Germani
1274 1407 1539 1466 celeriter
1580 1425 1653 1464 ex
1704 1405 2133 1467 consuetudine
2166 1426 2273 1467 sua
2301 1431 2360 1467 10

260 1504 556 1581 phalange
595 1502 747 1561 facta
774 1501 1026 1577 impetus
1054 1499 1378 1576 gladiorum
1408 1507 1781 1575 exceperunt.
1867 1498 2111 1574 Reperti
2138 1510 2271 1558 sunt

263 1594 601 1670 complures
629 1593 808 1651 nostri
851 1592 1078 1664 militeS,
1110 1590 1297 1666 quiin
1327 1590 1643 1667 phalangas
1685 1588 1965 1648 insilirent
2006 1600 2067 1649 et
2107 1601 2272 1650 scuta

264 1686 536 1746 manibus
576 1686 914 1745 revellerent
955 1696 1014 1744 et
1055 1685 1310 1761 desuper
1347 1684 1731 1743 vulnerarent.
1820 1684 1973 1743 Cum
2016 1682 2270 1742 hostium

261 1778 424 1837 acies
458 1797 494 1836 a
529 1778 757 1837 sinistro
800 1796 983 1837 cornu
1015 1777 1180 1853 pulsa
1206 1786 1384 1851 atque
1413 1775 1473 1835 in
1501 1776 1698 1853 fugam
1726 1791 2010 1835 conversa
2036 1785 2207 1849 esset,
2236 1795 2271 1835 a

261 1872 476 1929 dextro
512 1889 696 1930 cornu
727 1870 1105 1928 vehementer
1131 1868 1503 1928 multitudine
1529 1886 1767 1927 suorum
1795 1878 2051 1928 nostram
2080 1869 2271 1927 aciem
2302 1886 2359 1939 15

257 1962 630 2039 premebant.
715 1960 789 2019 Id
827 1980 962 2019 cum
993 1959 1492 2019 animadvertisset
1527 1960 1762 2019 Publius
1791 1961 2033 2019 Crassus
2069 1960 2267 2019 adule-

259 2071 458 2126 seem,
487 2053 588 2130 qui
631 2052 911 2129 equitatui
953 2061 1234 2129 praeerat,
1267 2050 1432 2128 quod
1470 2051 1796 2127 expeditior
1830 2061 1951 2111 erat
1988 2070 2165 2128 quam
2197 2052 2269 2124 ei,

257 2145 369 2220 qui
404 2145 554 2202 inter
581 2143 771 2203 aciem
799 2144 1188 2217 versabantur,
1221 2143 1448 2202 tertiam
1478 2143 1665 2202 aciem
1706 2143 2100 2204 laborantibus
2140 2162 2271 2202 nos-

256 2236 380 2294 tris·
395 2234 658 2294 subsidio
687 2235 855 2294 misit.

349 2325 522 2384 LIII.
579 2326 673 2384 Ita
720 2325 1004 2401 proelium
1054 2324 1378 2384 restitutum
1430 2335 1536 2398 est,
1585 2336 1759 2401 atque
1810 2343 2016 2384 omnes
2072 2325 2270 2384 hostes
2300 2347 2361 2382 20

259 2426 430 2492 terga
481 2425 778 2474 verterunt
831 2433 1025 2491 neque
1079 2414 1238 2491 prius
1293 2416 1493 2491 fugere
1548 2415 1909 2489 destiterunt,
1960 2433 2137 2491 quarn
2192 2414 2270 2473 ad

260 2507 486 2566 flumen
514 2505 790 2565 Rhenum
834 2506 992 2564 milia
1030 2523 1306 2581 passuum
1337 2523 1411 2564 ex
1451 2523 1525 2564 eo
1566 2505 1701 2564 loco
1743 2506 1972 2566 circiter
2011 2506 2269 2581 quinque

260 2608 673 2674 pervenerunt.
759 2597 852 2657 Ibi
897 2599 1178 2673 perpauci
1219 2607 1318 2656 aut
1358 2597 1573 2656 viribus
1616 2597 1822 2656 confisi
1862 2608 2086 2656 tranare
2130 2615 2269 2654 con-

258 2689 580 2748 tenderunt
609 2698 708 2747 aut
735 2688 996 2748 lintribus
1024 2689 1269 2747 inventis
1297 2689 1408 2748 sibi
1444 2688 1689 2748 salutem
1717 2700 2111 2764 reppererunt.
2197 2689 2269 2747 In

261 2779 356 2840 his
397 2780 502 2838 fuit
531 2780 864 2851 AriovistuS,
895 2779 995 2855 qui
1036 2780 1360 2838 naviculam
1388 2778 1703 2856 deligatam
1731 2779 1809 2838 ad
1848 2781 2033 2856 ripam
2061 2788 2270 2838 nactus
2302 2808 2361 2859 25

263 2887 340 2928 ea
378 2871 673 2946 profugit3
714 2871 966 2945 reliquos
995 2888 1202 2928 omnes
1230 2870 1490 2945 equitatu
1531 2872 1832 2930 consecuti
1873 2871 2054 2929 nostri
2096 2871 2266 2929 inter-

263 2961 548 3019 fecerunt.
632 2961 802 3019 Duae
840 2961 1070 3019 fuerunt
1096 2960 1365 3019 Ariovisti
1393 2979 1621 3032 uxores,
1650 2979 1768 3019 una
1796 2961 1987 3020 Sueba
2012 2961 2267 3031 natione,

263 3070 444 3127 quam
491 3050 674 3110 domo
717 3069 919 3110 secum
965 3051 1224 3124 duxerat,
1263 3052 1443 3109 altera
1487 3053 1725 3124 Norica,
1760 3053 1909 3127 regis
1952 3052 2268 3110 Voccionis

263 3161 444 3211 soror,
463 3161 640 3217 quam
670 3143 729 3200 in
751 3142 940 3203 Gallia
965 3142 1210 3201 duxerat
1237 3161 1274 3202 a
1298 3142 1467 3201 fratre
1498 3143 1730 3202 missam
1757 3166 1768 3202 :
1802 3153 2082 3218 utraeque
2110 3144 2170 3201 in
2200 3161 2269 3201 ea

265 3234 402 3308 fuga
437 3234 749 3308 perierunt.
834 3234 1003 3292 Duae
1031 3233 1181 3292 filiae
1217 3233 1418 3292 harum
1448 3234 1625 3291 altera
1652 3234 1863 3306 occisa,
1893 3234 2071 3292 altera
2098 3242 2271 3308 capta
2300 3253 2361 3304 30

268 3332 374 3381 est.
445 3324 629 3383 Gaius
656 3323 917 3382 Valerius
947 3325 1239 3397 ProcilluS,
1264 3344 1400 3382 cum
1430 3344 1465 3383 a
1493 3324 1831 3383 custodibus
1861 3326 1919 3382 in
1948 3325 2083 3400 suga
2108 3324 2269 3383 trinis

267 3415 490 3472 catenis
516 3415 742 3472 vinctus
772 3415 1104 3485 traheretur,
1133 3415 1194 3473 in
1223 3415 1413 3490 ipsum
1446 3416 1759 3474 Caesarem
1798 3415 1979 3474 hostis
2007 3415 2267 3489 equitatu

267 3514 716 3579 persequentem
739 3503 960 3563 incidit.
1029 3504 1196 3578 Quae
1219 3505 1458 3581 quidem
1473 3524 1564 3563 res
1586 3506 1822 3564 Caesari
1842 3523 1962 3564 non
1981 3505 2268 3563 minorem

271 3611 446 3668 quam
475 3595 602 3670 ipsa
628 3596 869 3654 victoria
895 3595 1254 3671 voluptatem
1282 3596 1487 3668 attulit,
1518 3596 1682 3672 quod
1714 3597 2016 3656 hominem
2055 3596 2266 3654 hones-

269 3684 550 3746 tissimum
595 3686 926 3762 provinciae
978 3686 1218 3759 Galliae,
1251 3705 1422 3744 suum
1467 3687 1803 3746 familiarem
1851 3696 1912 3746 et
1956 3686 2265 3762 hospitem,
2298 3713 2358 3766 35

273 3785 534 3852 ereptum
577 3794 610 3835 e
653 3777 920 3837 manibus
962 3777 1233 3849 hostium,
1263 3778 1370 3837 sibi
1414 3779 1737 3837 restitutum
1779 3777 2033 3850 videbat,
2070 3794 2266 3850 neque
