2796 4207
470 229 596 293 162
1103 246 1212 300 DE
1266 246 1524 299 BELLO
1575 246 1922 299 GALLICO

554 417 882 493 conquisita
909 418 985 476 ab
1013 417 1182 476 labris
1210 427 1450 492 argento
1481 414 1951 475 circumcludunt
1988 414 2254 491 atquein
2283 413 2563 490 amplissi-

553 508 662 567 mis
691 507 873 583 epulis
902 525 1009 584 pro
1037 507 1260 585 poculis
1290 516 1542 565 utuntur.

596 658 823 722 Caesar,
850 658 1155 729 returning
1175 664 1230 711 to
1259 657 1431 723 Gaul,
1459 664 1618 710 routs
1650 656 1742 710 tlte
1760 658 1955 727 forces
1978 658 2052 727 of
2062 656 2387 721 Ambiorix,
2411 656 2538 710 and

798 740 981 811 begins
1006 756 1084 793 an
1110 739 1293 793 active
1316 738 1614 809 campaign
1641 739 1874 807 against
1897 736 1988 791 tlte
2012 738 2322 791 Eburones.

636 863 854 921 XXIX.
900 862 1131 934 Caesar,
1153 872 1467 937 postquam
1496 878 1602 936 per
1622 862 1812 921 Ubios
1837 862 2231 937 exploratores
2258 861 2568 937 comperit,

558 952 783 1013 Suebos
832 970 960 1011 sese
1010 954 1067 1010 in
1122 952 1287 1011 silvas
1342 952 1652 1026 recepisse,
1704 951 1962 1027 inopiam
2014 952 2283 1009 frumenti
2334 950 2571 1022 verituS,

505 1061 532 1116 5
559 1045 740 1122 quod,
788 1057 851 1103 ut
908 1063 1078 1122 supra
1134 1044 1681 1115 demonstravimuS,
1734 1045 1974 1102 minime
2033 1062 2238 1103 omnes
2289 1044 2573 1103 Germani

560 1136 934 1213 agriculturae
964 1135 1218 1207 student,
1249 1136 1548 1194 constituit
1576 1154 1698 1195 non
1727 1135 2002 1211 progredi
2030 1136 2254 1211 longius
2275 1156 2294 1207 3
2336 1133 2463 1207 sed,
2483 1152 2572 1216 „ne

561 1228 805 1286 omnino
847 1236 1069 1284 metum
1112 1226 1330 1284 reditus
1375 1227 1462 1284 sui
1505 1226 1760 1285 barbaris
1803 1228 2030 1286 tolleret
2067 1237 2242 1301 atque
2269 1234 2572 1283 uteorum

560 1317 771 1376 auxilia
825 1318 1093 1389 tardaret,
1144 1317 1389 1376 reducto
1449 1319 1704 1377 exercitu
1755 1329 1981 1395 partem
2036 1318 2297 1376 ultimam
2353 1317 2572 1393 pontiS,

562 1427 711 1485 quae
761 1410 912 1485 ripas
963 1409 1252 1469 Ubiorum
1302 1410 1700 1487 contingebat,
1753 1411 1813 1468 in
1863 1408 2286 1485 longitudinem
2344 1407 2572 1484 pedum

479 1525 537 1563 ιο
562 1499 951 1559 ducentorum
993 1500 1290 1573 rescindit,
1331 1512 1506 1577 atque
1537 1502 1596 1559 in
1635 1511 1897 1559 extremo
1938 1511 2118 1575 ponte
2161 1499 2361 1558 turrim
2403 1500 2572 1558 tabu·

562 1591 808 1650 latorum
870 1601 1144 1667 quattuor
1208 1594 1508 1651 constituit
1567 1591 2039 1669 praesidiumque
2101 1590 2434 1649 cohortium
2488 1606 2574 1649 ΧΗ

564 1684 756 1759 pontis
785 1682 989 1741 tuendi
1018 1701 1195 1741 causa
1222 1684 1389 1760 ponit
1428 1684 1770 1759 magnisque
1813 1700 1949 1741 eum
1991 1683 2186 1740 locum
2229 1681 2568 1739 munitioni-

564 1774 673 1832 bus
706 1774 911 1831 firmat.
997 1774 1070 1832 Ei
1110 1773 1245 1833 loco
1288 1774 1698 1850 praesidioque
1735 1773 1948 1833 Gaium
1975 1771 2307 1831 Volcatium
2335 1771 2574 1830 Tullum

563 1863 1001 1923 adulescentem
1056 1866 1352 1941 praefecit.
1441 1867 1596 1941 Ipse,
1647 1884 1783 1923 cum
1839 1872 2225 1922 maturescere
2282 1863 2576 1921 frumenta

481 1986 537 2039 15
563 1956 903 2032 inciperent,
945 1955 1022 2015 ad
1062 1956 1277 2016 bellum
1320 1955 1669 2030 Ambiorigis
1711 1956 2005 2031 profectus
2047 1973 2152 2029 per
2188 1952 2572 2012 Arduennam

564 2048 782 2121 silvam,
814 2066 964 2124 quae
993 2057 1081 2107 est
1114 2048 1291 2106 totius
1320 2047 1542 2107 Galliae
1585 2047 1839 2105 maxima
1879 2056 2054 2123 atque
2092 2044 2167 2103 ab
2205 2044 2342 2120 ripis
2373 2044 2571 2103 Rheni

565 2140 891 2216 finibusque
910 2141 1294 2198 Treverorum
1312 2138 1390 2198 ad
1411 2138 1659 2197 Nervios
1680 2139 1932 2214 pertinet
1953 2137 2300 2213 milibusque
2321 2137 2573 2212 amplius

565 2231 895 2309 quingentis
924 2232 985 2289 in
1013 2230 1440 2307 longitudinem
1469 2239 1646 2305 patet,
1673 2229 1922 2288 Lucium
1953 2228 2283 2286 Minucium
2314 2227 2571 2286 Basilum

566 2342 701 2383 cum
732 2325 893 2382 omni
924 2324 1181 2400 equitatu
1211 2321 1545 2398 praemittit,
1569 2321 1616 2379 si
1645 2319 1788 2396 quid
1821 2319 2116 2378 celeritate
2145 2320 2363 2378 itineris
2390 2329 2569 2395 atque

479 2434 540 2470 20
564 2415 1001 2492 opportunitate
1041 2413 1317 2488 temporis
1360 2412 1646 2488 proficere
1689 2421 1928 2488 posset3
1972 2420 2193 2480 monet,
2222 2420 2288 2468 ut
2315 2411 2483 2486 ignes
2513 2411 2571 2469 in

566 2507 762 2564 castris
783 2505 906 2563 fieri
936 2504 1257 2580 prohibeat,
1280 2521 1356 2562 ne
1379 2521 1497 2579 qua
1525 2503 1649 2561 eius
1677 2501 1961 2561 adventus
1990 2501 2196 2578 procul
2223 2501 2570 2576 significatio

566 2596 666 2654 fiat
685 2617 701 2667 3
746 2614 873 2654 sese
902 2595 1210 2654 confestim
1239 2594 1515 2668 subsequi
1543 2592 1706 2651 dicit.

645 2687 822 2744 XXX.
871 2685 1111 2758 Basilus,
1146 2695 1211 2743 ut
1248 2685 1597 2760 imperatum
1640 2692 1746 2755 est,
1780 2683 1936 2740 facit.
2019 2681 2298 2740 Celeriter
2338 2691 2569 2742 contra-

566 2795 681 2853 que
724 2778 983 2835 omnium
1022 2777 1361 2851 opinionem
1396 2775 1668 2833 confecto
1705 2774 1909 2832 itinere
1949 2772 2160 2831 multos
2198 2772 2259 2830 in
2298 2773 2448 2848 agris
2486 2774 2569 2831 in-

479 2895 538 2946 25
566 2868 871 2944 opinantes
903 2867 1326 2943 deprehendit:
1373 2884 1577 2924 eorum
1607 2864 1825 2923 indicio
1855 2862 1931 2920 ad
1959 2863 2152 2938 ipsum
2173 2862 2569 2939 Ambiorigem

566 2958 889 3029 contendit,
920 2976 1039 3034 quo
1069 2959 1129 3016 in
1157 2960 1292 3017 loco
1322 2977 1458 3017 cum
1498 2955 1701 3032 paucis
1745 2955 2034 3030 equitibus
2077 2970 2204 3012 esse
2247 2952 2567 3012 dicebatur.

568 3049 819 3107 Multum
870 3068 1003 3107 cum
1054 3050 1113 3107 in
1163 3049 1436 3108 omnibus
1481 3048 1674 3119 rebus,
1721 3055 1844 3104 tum
1890 3045 1951 3102 in
1997 3061 2060 3102 re
2106 3043 2332 3102 militari
2377 3054 2570 3118 potest

567 3139 811 3198 fortuna.
899 3141 1055 3197 Nam
1084 3140 1231 3198 sicut
1270 3157 1488 3216 magno
1526 3137 1740 3198 accidit
1778 3154 1937 3208 casu,
1967 3143 2030 3192 ut
2058 3137 2120 3192 in
2148 3134 2340 3209 ipsum
2370 3135 2564 3193 incau-

566 3239 688 3287 tum
720 3230 891 3288 etiarn
922 3240 1096 3306 atque
1126 3231 1472 3305 imparatum
1499 3229 1801 3300 incideret,
1826 3227 2101 3305 priusque
2132 3225 2256 3283 eius
2285 3223 2567 3282 adventus

478 3342 541 3391 30
565 3322 641 3381 ab
669 3321 940 3380 omnibus
975 3320 1282 3392 videretur,
1327 3340 1500 3395 quam
1547 3322 1700 3379 fama
1740 3338 1810 3378 ac
1851 3317 2088 3376 nuntius
2130 3315 2443 3385 afferretur,
2487 3315 2566 3374 sic

566 3429 810 3487 magnae
839 3412 943 3470 fuit
972 3412 1253 3482 fortunae,
1278 3413 1441 3470 omni
1471 3411 1697 3469 militari
1726 3411 2126 3481 instrumentO,
2155 3405 2317 3483 quod
2345 3406 2562 3464 circum

566 3521 627 3561 se
658 3503 926 3574 habebat,
958 3512 1178 3578 erept0,
1208 3503 1362 3561 redis
1397 3503 1679 3578 equisque
1716 3501 2175 3577 comprehensiS,
2206 3499 2399 3574 ipsum
2427 3497 2562 3556 effu·

565 3609 699 3666 gere
743 3601 1007 3649 mortem.
1093 3592 1209 3650 Sed
1252 3593 1366 3650 hoc
1409 3610 1645 3667 quoque
1689 3592 1904 3650 facturn
1950 3601 2054 3663 est,
2089 3589 2255 3666 quod
2297 3588 2564 3648 aedificio

567 3679 926 3737 circumdato
957 3680 1112 3750 silva,
1143 3691 1207 3737 ut
1234 3690 1367 3739 sunt
1394 3681 1513 3739 fere
1543 3680 1839 3740 domicilia
1867 3683 2185 3753 Gallorum,
2217 3681 2317 3757 qui
2345 3677 2562 3739 vitandi

483 3778 541 3830 25
568 3778 760 3827 aestus
788 3786 963 3825 causa
989 3771 1329 3846 plerumque
1360 3773 1624 3830 silvarum
1653 3784 1826 3850 atque
1857 3774 2159 3833 fluminum
2195 3783 2404 3851 petunt
2433 3791 2557 3852 pro-
