2796 4207
765 221 911 314 Lis.
960 244 1075 298 111.
1120 244 1293 298 CAP.
1336 244 1763 298 xxv-xxlx.
2193 225 2320 292 105

302 417 549 474 XXVII.
600 416 736 474 Hac
778 414 975 474 audita
1015 433 1213 490 pugna
1253 415 1506 473 maxima
1548 433 1680 491 pars
1715 414 2060 491 Aquitaniae
2103 433 2232 474 sese

227 507 433 566 Crasso
462 506 694 566 dedidit
722 505 1075 580 obsidesque
1106 506 1253 565 ultro
1277 506 1431 564 misit
1453 527 1468 577 3
1515 506 1715 580 quoin
1734 524 1979 565 numero
2003 506 2234 565 fuerunt

223 598 487 670 Tarbelli,
536 597 915 673 BigerrioneS‚
968 597 1193 668 Ptianii‚
1239 598 1514 668 Vocates,
1561 598 1891 670 TarusateS‚
1948 597 2232 670 ElusateS,

226 689 421 762 GateS,
446 689 641 760 Ausci,
668 688 968 760 Garumni,
993 688 1307 760 Sibuzates,
1338 688 1660 746 Cocosates
1681 709 1699 761 3
1744 707 1967 764 paucae
1997 690 2234 748 ultimae

223 781 489 838 nationes
544 780 681 837 anni
736 788 1000 855 tempore
1050 779 1327 852 confisae,
1377 779 1542 854 quod
1587 778 1772 838 hiems
1823 781 2074 854 suberat,
2121 779 2236 840 hoc
2266 795 2294 850 5

222 872 411 931 facere
456 873 851 949 neglexerunt.

229 1049 436 1104 Caesar
456 1049 720 1118 proceeds·
742 1051 972 1121 against
1004 1048 1095 1104 tlte
1117 1051 1347 1104 Morini
1376 1049 1504 1104 and
1532 1049 1622 1105 tlte
1647 1052 1926 1122 Menapii,
1953 1051 2081 1106 who
2111 1051 2240 1106 take

361 1133 559 1202 refuge
584 1131 646 1185 in
656 1132 887 1201 forests.
962 1132 1057 1185 He
1069 1132 1264 1202 places
1288 1129 1379 1185 his
1405 1149 1568 1202 army
1595 1134 1656 1186 in
1685 1135 1891 1188 winter
1914 1141 2194 1204 quarters.

298 1248 588 1308 XXVIII.
637 1248 869 1306 Eodem
911 1248 1028 1308 fere
1074 1259 1337 1325 tempore
1382 1251 1615 1323 Caesar,
1660 1253 1768 1310 etsi
1808 1269 1991 1328 prope
2036 1260 2240 1310 exacta

220 1341 336 1398 iam
394 1348 584 1396 aestas
640 1348 779 1410 erat,
830 1349 1044 1412 tamen,
1097 1341 1259 1415 quod
1310 1343 1472 1400 omni
1521 1343 1708 1402 Gallia
1764 1352 1974 1418 pacata
2023 1342 2239 1400 Morini

222 1432 610 1508 Menapiique
653 1443 1011 1508 supererant,
1055 1435 1155 1510 qui
1198 1435 1257 1492 in
1298 1437 1472 1494 armis
1514 1446 1710 1495 essent
1750 1454 1943 1511 neque
1985 1435 2061 1494 ad
2104 1453 2240 1494 eum

221 1541 507 1598 umquam
562 1522 783 1598 legatos
840 1522 916 1582 de
974 1543 1121 1600 pace
1180 1527 1486 1600 misissent,
1536 1527 1856 1598 arbitratus,
1908 1526 1968 1586 id
2023 1526 2238 1586 bellum
2273 1550 2331 1586 10

220 1613 491 1673 celeriter
533 1613 747 1671 confici
790 1633 982 1690 posse,
1014 1634 1087 1675 eo
1117 1617 1436 1676 exercitum
1475 1617 1756 1690 adduxit3
1801 1618 1901 1692 qui
1930 1617 2102 1692 longe
2132 1617 2242 1675 alia

220 1706 451 1765 ratione
481 1724 552 1762 ac
580 1706 783 1781 reliqui
813 1707 963 1766 Galli
992 1707 1205 1766 bellum
1236 1725 1435 1784 gerere
1465 1719 1806 1785 coeperunt.
1894 1709 2046 1766 Nam
2077 1706 2240 1782 quod

220 1796 659 1872 intellegebant,
692 1798 971 1857 maximas
1012 1799 1294 1871 nationeS,
1326 1817 1478 1874 quae
1521 1800 1743 1874 proelio
1781 1797 2240 1870 contendissent,

220 1888 422 1963 pulsas
473 1898 888 1964 superatasque
940 1907 1085 1962 esse,
1133 1891 1618 1966 continentesque
1665 1890 1830 1948 silvas
1880 1908 1948 1947 ac
1998 1887 2240 1965 paludes

220 1977 543 2050 habebant,
594 1996 668 2038 eo
724 1997 786 2039 se
843 1997 1063 2055 suaque
1120 1981 1319 2039 omnia
1373 1979 1762 2040 contulerunt.
1847 1980 1940 2039 Ad
1997 1999 2241 2055 quarum
2274 2009 2330 2064 15

220 2071 457 2131 initium
508 2069 775 2130 silvarum
817 2089 955 2131 cum
998 2072 1215 2131 Caesar
1262 2073 1620 2148 pervenisset
1667 2083 1970 2149 castraque
2017 2074 2242 2131 munire

220 2163 585 2231 instituisset,
606 2181 802 2239 neque
830 2162 1010 2223 hostis
1038 2164 1270 2222 interim
1293 2165 1445 2223 visus
1473 2174 1644 2237 esset,
1675 2165 1947 2241 dispersis
1975 2164 2036 2223 in
2063 2182 2242 2241 opere

221 2255 461 2327 nostriS,
504 2254 697 2314 subito
740 2271 813 2313 ex
853 2255 1125 2313 omnibus
1167 2256 1424 2330 partibus
1466 2256 1640 2315 silvae
1683 2256 2052 2316 evolaverunt
2094 2266 2152 2314 et
2185 2256 2244 2313 in

221 2359 461 2409 nostros
508 2350 793 2425 impetum
840 2346 1121 2405 fecerunt.
1206 2346 1406 2405 Nostri
1451 2346 1716 2405 celeriter
1761 2365 1920 2405 arma
1962 2358 2246 2421 ceperunt

223 2458 456 2517 eosque
478 2441 537 2499 in
566 2440 733 2498 silvas
761 2437 1139 2514 reppulerunt
1165 2447 1223 2496 et
1252 2436 1647 2513 compluribus
1676 2437 1990 2496 interfectis
2017 2438 2244 2513 longius
2273 2460 2334 2496 20

221 2531 699 2609 impeditioribus
730 2529 1087 2601 Iocissecuti
1117 2546 1338 2604 paucos
1370 2547 1444 2587 ex
1472 2529 1588 2587 suis
1617 2528 2097 2605 deperdiderunt.

306 2624 533 2683 XXIX.
579 2620 842 2697 Reliquis
885 2620 1167 2694 deinceps
1206 2618 1412 2679 diebus
1442 2620 1660 2679 Caesar
1687 2620 1852 2678 silvas
1882 2618 2128 2678 caedere
2159 2620 2242 2676 in-

224 2717 418 2775 stituit
459 2724 535 2787 et,
578 2732 654 2772 ne
697 2714 827 2789 quis
869 2711 1184 2771 inermibus
1226 2709 1806 2786 imprudentibusque
1856 2711 2129 2769 militibus
2171 2711 2247 2769 ab

225 2809 410 2866 latere
440 2806 691 2883 impetus
719 2804 843 2863 fieri
877 2812 1093 2881 posset,
1124 2820 1365 2861 omnem
1410 2820 1539 2861 eam
1582 2802 1900 2876 materiam,
1931 2820 2082 2877 quae
2127 2811 2248 2861 erat

227 2918 427 2969 caesa,
452 2914 795 2956 conversam
818 2895 894 2953 ad
924 2896 1153 2955 hostem
1183 2894 1511 2953 collocabat
1538 2904 1598 2951 et
1618 2911 1724 2969 pro
1745 2893 1894 2951 vallo
1923 2892 2000 2951 ad
2029 2903 2243 2950 utrum-
2275 2923 2302 2959 2
2309 2922 2335 2975 5

227 3008 349 3067 que
408 2988 555 3047 latus
612 2986 959 3047 exstruebat.
1064 2985 1400 3045 Incredibili
1457 2984 1750 3043 celeritate
1800 3002 2014 3059 magno
2061 2984 2246 3059 spatio

228 3080 443 3158 paucis
486 3078 693 3139 diebus
735 3078 1029 3149 confect0‚
1060 3095 1195 3135 cum
1241 3077 1356 3136 iani
1397 3094 1580 3153 pecus
1623 3086 1798 3151 atque
1842 3086 2103 3133 extrema
2142 3075 2247 3131 im-

230 3171 580 3248 pedimenta
606 3171 681 3229 ab
711 3170 919 3227 nostris
946 3177 1299 3241 tenerentur,
1323 3167 1434 3243 ipsi
1457 3167 1756 3227 densiores
1777 3166 1942 3225 silvas
1964 3175 2247 3241 peterent,

232 3264 529 3325 eiusmodi
580 3273 713 3322 sunt
760 3271 1137 3337 tempestates
1188 3271 1561 3333 consecutae,
1605 3260 1690 3319 uti
1731 3278 1880 3335 opus
1922 3260 2250 3318 necessario

234 3356 715 3416 intermitteretur
740 3364 799 3413 et
828 3352 1268 3412 continuatione
1304 3352 1576 3412 imbrium
1612 3352 1826 3411 diutius
1864 3352 1973 3411 sub
2006 3351 2250 3427 pellibus
2279 3378 2340 3431 30

234 3448 451 3505 milites
493 3444 777 3504 contineri
817 3463 938 3503 non
978 3453 1237 3519 possent.
1329 3444 1536 3519 Itaque
1569 3445 1800 3503 vastatis
1842 3444 2114 3503 omnibus
2152 3460 2249 3500 eo-

234 3556 372 3597 rum
404 3538 567 3613 agriS,
587 3536 727 3595 vicis
750 3534 1147 3609 aedificiisque
1172 3533 1423 3593 incensis
1446 3536 1662 3594 Caesar
1681 3537 2003 3595 exercitum
2024 3533 2256 3594 reduxit

239 3639 301 3687 et
351 3630 413 3685 in
467 3626 729 3685 Aulercis
783 3626 1185 3700 Lexoviisque,
1236 3625 1471 3698 reliquis
1517 3626 1655 3683 item
1707 3626 2051 3699 civitatibuS,
2103 3642 2254 3701 quae

241 3718 513 3795 proxime
542 3716 758 3777 bellum
786 3717 1064 3787 fecerant,
1093 3716 1152 3773 in
1182 3714 1438 3774 hibernis
1467 3714 1790 3775 collocavit.
