2796 4207
764 272 905 324 ΜΒ.
946 271 1017 324 ν.
1062 271 1227 325 CAP.
1269 272 1800 327 XX1x-xxx111.
2197 257 2323 325 137

206 436 448 496 vissime
504 453 579 495 ex
630 436 795 495 vobis
850 436 1049 494 mortis
1102 435 1363 511 periculo
1419 445 1666 494 terrear:
1733 437 1793 495 hi
1853 437 2118 514 sapient3
2183 439 2232 498 si

204 529 442 602 gravius
491 525 634 603 quid
680 524 977 598 acciderit,
1023 526 1126 585 abs
1174 535 1232 585 te
1282 527 1570 585 rationem
1617 538 1967 603 reposcent3
2034 531 2134 604 qui
2183 531 2232 589 si

204 640 319 697 per
347 630 405 679 te
435 621 625 693 liceat,
656 618 981 696 perendino
1019 618 1115 678 die
1150 639 1288 680 cum
1322 622 1599 696 proximis
1639 621 1893 681 hibernis
1931 622 2231 682 coniuncti

203 730 595 771 communem
638 729 771 770 cum
805 711 1037 787 reliquis
1080 712 1214 770 belli
1256 731 1457 771 casum
1499 714 1832 785 sustineant,
1865 732 1988 772 non
2027 715 2228 775 reiecti

202 812 265 861 et
297 802 539 878 relegati
567 802 737 878 longe
766 802 841 861 ab
868 802 1075 861 ceteris
1103 813 1203 861 aut
1230 803 1379 862 ferro
1409 813 1508 862 aut
1537 805 1690 862 fame
1720 805 2040 864 intereant.’
2295 819 2322 872 5

288 894 512 952 ΧΧΧΙ.
557 893 938 969 Consurgitur
958 912 1031 952 ex
1059 895 1300 953 consilio
1324 915 1341 968 ;
1380 895 1892 971 comprehendunt
1921 906 2230 972 utrumque

200 995 264 1043 et
309 994 498 1058 orant,
541 1002 617 1043 ne
658 1002 764 1043 sua
804 984 1165 1044 dissensione
1208 995 1266 1044 et
1306 986 1628 1061 pertinacia
1667 1004 1790 1045 rem
1833 987 1890 1045 in
1934 1005 2228 1046 summum

199 1075 536 1152 periculum
592 1074 923 1135 deducant:
996 1076 1225 1134 facilem
1273 1094 1401 1136 esse
1443 1095 1586 1152 rem,
1644 1096 1746 1136 seu
1791 1089 2082 1151 maneant,
2126 1097 2228 1137 seu

198 1167 672 1243 proficiscantur,
717 1167 766 1225 si
813 1165 995 1226 modo
1042 1186 1221 1227 unum
1271 1186 1481 1227 omnes
1529 1169 1780 1228 sentiant
1821 1188 1892 1228 ac
1941 1171 2228 1246 probent,-

198 1268 418 1318 contra
446 1259 504 1316 in
535 1257 895 1318 dissensione
925 1259 1137 1317 nullam
1169 1277 1231 1318 se
1260 1260 1505 1318 salutem
1532 1261 1879 1336 perspicere.
1966 1263 2088 1322 Res
2116 1260 2229 1321 dis·
2263 1282 2321 1319 ιο

197 1349 514 1424 putatione
536 1348 614 1407 ad
643 1348 897 1408 mediam
919 1359 1156 1408 noctem
1184 1349 1539 1426 perducitur.
1622 1350 1894 1411 Tandem
1922 1351 2025 1412 dat
2054 1353 2232 1413 Cotta

199 1450 513 1516 permotus
554 1459 794 1500 manus:
854 1451 1085 1516 superat
1133 1442 1424 1500 sententia
1471 1442 1686 1502 Sabini.
1805 1444 2227 1518 Pronuntiatur,

199 1533 401 1607 prima
440 1532 569 1590 luce
612 1532 806 1592 ituros.
912 1533 1288 1592 Consumitur
1327 1533 1530 1610 vigiliis
1574 1535 1794 1611 reliqua
1840 1553 1973 1612 pars
2021 1538 2228 1610 noctiS,

201 1643 349 1683 cum
394 1642 499 1682 sua
540 1623 785 1700 quisque
828 1625 992 1684 miles
1034 1625 1523 1701 circumspiceret,
1568 1625 1712 1702 quid
1755 1644 1958 1685 secum
1999 1637 2230 1704 portare

201 1724 430 1791 posset,
460 1713 605 1792 quid
632 1733 707 1774 ex
732 1715 1114 1776 instrumento
1149 1717 1524 1776 hibernorum
1552 1718 1876 1794 relinquere
1906 1729 2226 1796 cogeretur.
2262 1743 2320 1798 15

204 1807 433 1867 Omnia
462 1807 879 1883 excogitantur,
904 1825 1081 1883 quare
1110 1827 1223 1866 nec
1251 1809 1375 1867 sine
1405 1809 1665 1885 periculo
1695 1819 1995 1868 maneatur
2022 1819 2081 1869 et
2109 1811 2226 1869 lan-

202 1916 395 1975 guore
424 1898 669 1957 militum
698 1909 757 1958 et
793 1899 993 1975 vigiliis
1030 1900 1351 1976 periculum
1389 1911 1684 1978 augeatur.
1771 1901 1962 1960 Prima
1988 1901 2118 1961 luce
2147 1903 2230 1961 sic

204 2009 285 2049 ex
319 1989 521 2049 castris
563 1989 1021 2066 proficiscuntur,
1052 2001 1116 2050 ut
1158 1993 1367 2067 quibus
1411 2001 1564 2052 esset
1605 2010 1963 2069 persuasum,
1993 2012 2115 2052 non
2154 1995 2230 2053 ab

204 2082 401 2154 hoste,
426 2080 532 2141 sed
560 2082 633 2141 ab
663 2082 899 2144 homine
929 2083 1279 2143 amicissimo
1308 2083 1640 2161 Ambiorige
1670 2084 1976 2145 consilium
2006 2085 2227 2160 datum,

205 2173 553 2251 longissimo
580 2174 810 2251 agmine
840 2175 1221 2251 maximisque
1250 2175 1701 2252 impedimentis
2256 2194 2320 2231 20

426 2334 543 2390 The
566 2336 789 2391 Roman
797 2338 963 2407 force
986 2336 1173 2392 leaves
1196 2336 1291 2392 the
1314 2340 1478 2407 camp
1503 2337 1629 2392 and
1645 2338 1698 2391 is
1721 2336 2022 2408 destroyed.

295 2457 552 2515 XXXII.
595 2458 672 2516 At
713 2457 928 2529 hostes,
958 2467 1343 2534 posteaquam
1385 2477 1460 2517 ex
1502 2468 1788 2517 nocturno
1830 2459 2059 2517 fremitu
2088 2460 2227 2536 vigi-

207 2549 422 2623 liisque
480 2546 557 2606 de
611 2548 975 2624 profectione
1032 2567 1235 2608 eorum
1285 2560 1607 2623 senserunt,
1661 2550 1956 2610 collocatis
2007 2551 2228 2610 insidiis

208 2639 493 2715 bipertito
536 2639 595 2697 in
644 2639 796 2698 silvis
845 2650 1178 2716 opportuno
1228 2650 1405 2717 atque
1457 2641 1692 2702 occulto
1741 2640 1874 2700 loco
1924 2660 1960 2699 a
2001 2642 2229 2701 milibus

208 2748 497 2806 passuum
544 2730 771 2789 circiter
817 2730 1048 2790 duobus
1098 2732 1503 2791 Romanorum
1551 2731 1867 2791 adventum
1926 2742 2228 2809 exspecta-

212 2824 378 2893 bant,
417 2828 479 2878 et
519 2838 656 2879 cum
698 2839 761 2880 se
804 2820 987 2880 maior
1026 2840 1159 2898 pars
1201 2822 1446 2899 agminis
1489 2823 1549 2880 in
1591 2840 1862 2898 magnam
1906 2823 2228 2882 convallem
2259 2842 2284 2877 2
2293 2841 2319 2893 5

212 2910 566 2986 demisisset,
596 2929 671 2971 ex
706 2921 948 2988 utraque
989 2922 1152 2989 parte
1181 2913 1306 2972 eius
1333 2913 1493 2972 vallis
1535 2913 1726 2972 subito
1756 2931 1818 2971 se
1848 2912 2230 2972 ostenderunt

211 3001 682 3079 novissimosque
732 3020 995 3079 premere
1039 3013 1098 3062 et
1139 3004 1356 3079 primos
1406 3004 1714 3079 prohibere
1757 3022 2001 3062 ascensu
2051 3014 2226 3079 atque

211 3093 584 3167 iniquissimo
612 3094 821 3153 nostris
847 3094 983 3153 loco
1013 3094 1298 3170 proelium
1336 3094 1701 3153 committere
1731 3104 2067 3170 coeperunt.

296 3184 586 3243 XXXIII.
624 3185 799 3256 „Tum”
823 3183 1065 3243 demum
1092 3184 1365 3257 Titurius,
1397 3185 1498 3260 qui
1526 3185 1667 3243 nihil
1702 3194 1834 3243 ante
1864 3184 2224 3260 providisset,

212 3272 509 3349 trepidare
554 3284 613 3333 et
653 3291 1001 3333 concursare
1045 3275 1438 3351 cohortesque
1481 3275 1809 3351 disponere,
1841 3274 1987 3333 haec
2031 3284 2228 3333 tamen
2254 3300 2318 3351 30

211 3368 346 3441 ipsa
387 3362 590 3423 timide
633 3375 807 3441 atque
848 3376 909 3424 ut
953 3384 1088 3424 eum
1132 3366 1331 3424 omnia
1371 3365 1624 3425 deficere
1654 3365 1985 3424 viderentur
2005 3387 2020 3437 3
2065 3365 2229 3441 quod

212 3456 564 3531 plerumque
608 3456 675 3514 iis
717 3456 983 3516 accidere
1027 3457 1346 3529 consuevit,
1391 3458 1493 3532 qui
1534 3457 1593 3515 in
1636 3457 1764 3534 ipso
1805 3457 2042 3533 negotio
2084 3475 2223 3513 con-

212 3547 408 3605 silium
441 3564 651 3621 capere
682 3556 979 3622 coguntur.
1068 3548 1146 3605 At
1167 3547 1360 3620 Cotta,
1391 3549 1492 3623 qui
1521 3549 1848 3625 cogitasset,
1879 3549 2025 3608 haec
2053 3564 2226 3623 posse

212 3639 273 3695 in
306 3638 513 3695 itinere
554 3635 840 3708 accidere,
871 3648 1045 3714 atque
1076 3638 1154 3697 ob
1184 3656 1315 3696 eam
1345 3657 1581 3697 causam
1621 3639 1997 3714 profectionis
2025 3646 2228 3698 auctor

212 3747 338 3787 non
368 3729 589 3798 fuisset,
617 3727 772 3785 nulla
813 3728 872 3786 in
914 3747 974 3787 re
1004 3729 1305 3798 communi
1348 3730 1514 3787 saluti
1557 3728 1792 3788 deerat:
1839 3739 1898 3789 et
1938 3731 1998 3788 in
2028 3728 2223 3806 appel·
2252 3744 2324 3796 35.

211 3819 401 3903 landis
441 3817 939 3895 cohortandisque
974 3819 1249 3879 militibus
1288 3822 1648 3895 imperatoris
1677 3830 1735 3878 et
1768 3822 1828 3879 in
1856 3838 2052 3897 pugna
2080 3819 2224 3876 mili-
