2796 4207
845 212 989 266 LIB.
1032 211 1077 266 Ι.
1118 212 1288 267 CAP.
1327 214 1550 276 XLIII,
1592 214 1802 268 XLIV.
2299 201 2380 267 71

273 376 523 434 victores
573 374 740 432 victis
789 373 1091 448 imponere
1137 376 1492 434 consuerint.
1578 376 1719 433 Non
1769 394 1896 435 sese
1940 377 2138 451 Gallis»,
2187 379 2295 438 sed

273 467 473 526 Gallos
515 465 629 524 sibi
678 465 896 523 bellum
942 465 1237 524 intulisse:
1296 483 1504 524 omnes
1546 467 1767 526 Galliae
1810 468 2069 527 civitates
2110 469 2189 528 ad
2231 490 2294 530 se

271 556 741 635 oppugnandum
798 558 1025 616 venisse
1082 575 1153 615 ac
1208 567 1415 616 contra
1469 576 1532 616 se
1589 570 1776 617 castra
1829 560 2138 635 habuisse3
2195 581 2294 622 eas

272 668 483 710 omnes
525 649 726 724 copias
754 667 789 705 a
814 666 879 707 se
909 667 1029 707 uno
1058 649 1284 724 proelio
1314 649 1510 724 pulsas
1547 667 1618 708 ac
1657 662 1952 726 superatas
1995 671 2142 712 esse.
2230 655 2295 713 Si

272 743 486 799 iterum
529 740 774 815 experiri
801 739 1000 810 velint,
1032 757 1095 798 se
1134 739 1343 798 iterum
1386 750 1650 815 paratum
1695 759 1822 800 esse
1864 742 2203 816 decertare;
2245 746 2292 803 si
2321 755 2349 810 5

275 850 425 906 pace
466 831 551 889 uti
591 831 787 901 velint,
834 831 1096 906 iniquum
1144 847 1271 888 esse
1323 831 1400 888 de
1451 831 1744 906 stipendio
1788 851 2076 901 recusare,
2129 835 2294 910 quod

275 942 381 980 sua
407 923 701 981 voluntate
730 921 808 980 ad
839 921 900 980 id
950 933 1183 998 tempus
1225 921 1634 998 pependerint.
1715 925 2046 982 Amicitiam
2089 926 2293 1001 populi

254 1015 529 1071 -Romani
578 1014 687 1072 sibi
732 1024 1081 1072 ornamento
1136 1021 1195 1071 et
1236 1012 1548 1089 praesidi0‚
1591 1032 1712 1072 non
1764 1014 2114 1074 detrimento
2163 1035 2290 1076 esse

271 1115 563 1180 oportere,
594 1105 774 1180 idque
819 1122 882 1163 se
925 1122 997 1162 ea
1038 1122 1143 1179 spe
1188 1104 1422 1178 petisse.
1507 1106 1564 1163 Si
1605 1123 1711 1180 per
1750 1106 2034 1180 populum
2069 1109 2291 1166 Roma-

268 1215 413 1253 num
470 1195 829 1271 stipendium
885 1196 1208 1254 remittatur
1264 1204 1325 1253 et
1379 1195 1642 1254 dediticii
1697 1197 2119 1270 subtrahantur,
2169 1218 2291 1258 non
2321 1219 2380 1254 10

268 1289 464 1345 minus
504 1288 753 1345 libenter
792 1305 920 1346 sese
962 1297 1361 1346 recusaturum
1405 1287 1606 1361 populi
1649 1289 1905 1346 Romani
1953 1291 2285 1360 amicitiam,

272 1397 453 1452 quam
492 1379 817 1454 appetierit.
910 1379 1092 1453 Quod
1132 1379 1565 1437 multitudinem
1596 1381 2022 1438 Germanorum
2063 1381 2124 1438 in
2153 1381 2289 1440 Gal-

274 1471 415 1526 liam
442 1468 723 1541 traducat,
752 1467 812 1527 id
841 1487 903 1528 se
942 1471 1030 1528 sui
1072 1469 1391 1540 muniendi,
1431 1487 1554 1527 non
1594 1470 1814 1529 Galliae
1857 1471 2288 1546 impugnandae

278 1577 457 1617 causa
496 1560 720 1618 facere:
780 1561 903 1618 eius
944 1561 1029 1618 rei
1070 1562 1466 1619 testimonium
1511 1578 1658 1631 esse,
1703 1560 1866 1635 quod
1906 1562 2014 1619 nisi
2057 1571 2290 1637 rogatus

278 1668 403 1707 non
444 1650 682 1721 venerit,
726 1659 787 1708 et
827 1653 990 1725 quod
1034 1651 1251 1709 bellum
1297 1670 1421 1709 non
1472 1651 1740 1723 intulerit,
1784 1651 1891 1709 sed
1936 1651 2282 1711 defenderit.
2319 1667 2377 1722 15

277 1741 354 1799 Se
375 1741 531 1816 prius
554 1741 612 1798 in
636 1741 883 1800 Galliam
904 1743 1131 1802 venisse
1163 1761 1341 1818 quam
1369 1742 1656 1818 populum
1681 1743 2032 1801 Romanum.
2106 1744 2162 1802 N
2170 1762 2289 1801 um-

275 1849 455 1906 quam
499 1841 633 1890 ante
684 1831 799 1890 hoc
848 1840 1083 1908 tempus
1133 1834 1454 1892 exercitum
1509 1833 1713 1909 populi
1764 1834 2017 1891 Romani
2066 1834 2286 1894 Galliae

272 1922 609 1999 provinciae
647 1922 860 1981 finibus
898 1940 1213 1998 egressum.
1298 1924 1461 1998 Quid
1491 1924 1598 1982 sibi
1625 1924 1839 1982 vellet?
1919 1925 2040 1982 Cur
2067 1924 2126 1982 in
2155 1943 2288 1984 suas

273 2014 677 2088 possessiones
703 2013 969 2072 veniret?
1052 2015 1417 2072 Provinciam
1460 2033 1622 2074 suam
1666 2015 1816 2072 hanc
1859 2032 1986 2072 esse
2018 2015 2285 2088 Galliam,

272 2107 424 2165 sicut
473 2106 629 2163 illam
678 2115 953 2163 nostram.
1037 2107 1121 2165 Ut
1162 2107 1272 2181 ipsi
1314 2106 1569 2165 concedi
1610 2125 1732 2165 non
1781 2116 2093 2183 oporteret,
2138 2108 2185 2165 si
2227 2108 2286 2167 in
2315 2132 2375 2168 20

273 2206 503 2255 nostros
532 2198 679 2255 fines
708 2197 993 2272 impetum
1016 2197 1250 2270 faceret,
1275 2198 1358 2257 sic
1387 2199 1527 2256 item
1555 2217 1662 2258 nos
1693 2217 1820 2258 esse
1849 2200 2098 2275 iniquoS,
2122 2200 2287 2275 quod

274 2288 337 2345 in
375 2306 481 2347 suo
525 2289 645 2346 iure
684 2306 747 2346 se
785 2288 1295 2363 interpellaremus.
1380 2289 1563 2363 Quod
1590 2291 1789 2350 fratres
1818 2290 2058 2351 Aeduos
2087 2292 2284 2368 appel-

274 2379 421 2454 latos
462 2378 703 2447 diceret,
747 2396 869 2437 non
910 2397 973 2437 se
1022 2389 1141 2437 tam
1190 2380 1496 2439 barbarum
1546 2401 1739 2457 neque
1787 2393 1906 2442 tam
1955 2385 2286 2461 imperitum

276 2487 405 2527 esse
441 2488 653 2542 rerum,
684 2479 747 2527 ut
788 2488 910 2529 non
951 2471 1141 2542 sciret,
1180 2489 1375 2546 neque
1417 2473 1571 2531 bello
1599 2474 1976 2551 Allobrogum
2017 2477 2286 2552 proximo

278 2560 515 2619 Aeduos
559 2562 845 2619 Romanis
894 2562 1169 2620 auxilium
1216 2563 1432 2636 tulisse,
1474 2582 1667 2640 neque
1711 2567 1868 2641 ipsos
1910 2568 1970 2625 in
2013 2568 2102 2627 his
2144 2587 2285 2627 con·
2316 2596 2341 2630 2
2350 2594 2376 2647 5

274 2652 651 2724 tentionibuS,
680 2670 825 2727 quas
854 2652 1045 2711 Aedui
1087 2670 1288 2711 secum
1332 2664 1389 2713 et
1432 2673 1569 2713 cum
1608 2657 1890 2732 Sequanis
1933 2658 2286 2729 habuissent,

275 2742 487 2802 auxilio
520 2744 725 2819 populi
756 2744 1013 2801 Romani
1042 2762 1179 2803 usos
1208 2762 1354 2804 esse.
1403 2764 1411 2770 ·
1440 2748 1674 2807 Debere
1703 2768 1765 2809 se
1795 2750 2090 2825 suspicari,
2120 2750 2290 2809 simu-

274 2834 393 2891 lata
419 2834 734 2893 Caesarem
775 2835 1046 2907 amicitia,
1084 2834 1249 2910 quod
1289 2839 1608 2898 exercitum
1636 2841 1694 2898 in
1725 2841 1914 2901 Gallia
1940 2841 2170 2912 habeat,
2201 2840 2288 2899 sui

276 2925 651 3002 opprimendi
680 2944 855 2984 causa
884 2926 1117 2986 habere.
1194 2928 1313 3003 Qui
1343 2931 1453 2989 nisi
1483 2931 1734 2991 decedat
1762 2942 1937 3008 atque
1969 2932 2287 2991 exercitum

276 3015 534 3075 deducat
584 3034 658 3075 ex
705 3016 794 3075 his
834 3017 1187 3093 regionibus,
1230 3039 1358 3079 sese
1408 3023 1565 3082 illum
1615 3042 1734 3083 non
1777 3042 1884 3099 pro
1925 3023 2138 3096 amico,
2171 3021 2289 3081 sed
2315 3040 2378 3091 30

274 3108 443 3167 hoste
500 3107 849 3166 habiturum.
954 3108 1136 3182 Quod
1194 3112 1240 3171 si
1297 3131 1434 3171 eum
1489 3114 1856 3183 interfecerit,
1913 3114 2104 3172 multis
2161 3132 2286 3171 sese

272 3199 567 3257 nobilibus
608 3199 1087 3276 principibusque
1132 3205 1335 3280 populi
1377 3205 1634 3264 Romani
1675 3216 1900 3281 gratum
1943 3224 2070 3264 esse
2105 3206 2284 3263 sactu-

274 3308 442 3347 rum:
486 3289 549 3347 id
576 3307 641 3349 se
684 3292 759 3351 ab
795 3291 933 3367 ipsis
974 3314 1081 3372 per
1123 3315 1324 3356 eorum
1366 3297 1602 3356 nuntios
1644 3306 2008 3372 compertum
2053 3295 2285 3368 habere,

276 3398 528 3455 quorum
574 3382 836 3441 omnium
883 3388 1123 3461 gratiam
1166 3398 1342 3463 atque
1384 3388 1698 3445 amicitiam
1741 3388 1864 3445 eius
1907 3396 2092 3446 morte
2135 3385 2285 3445 redi-

275 3489 438 3530 mere
466 3483 681 3547 posset.
768 3477 948 3552 Quod
985 3479 1031 3536 si
1076 3478 1437 3537 discessisset
1477 3487 1536 3536 et
1577 3478 1813 3535 liberam
1855 3477 2284 3552 possessionem
2316 3497 2373 3550 35

278 3562 501 3622 Galliae
544 3565 653 3624 sibi
694 3568 1041 3640 tradidisset,
1084 3588 1299 3645 magno
1342 3588 1405 3627 se
1449 3570 1604 3625 illum
1648 3569 1908 3642 praemio
1957 3585 2284 3626 remunera-

276 3649 469 3715 turum
502 3669 579 3731 et,
609 3678 1019 3735 quaecumque
1036 3710 1040 3715 .
1060 3660 1211 3720 bella
1252 3661 1371 3736 geri
1411 3659 1598 3730 vellet,
1630 3659 1752 3716 sine
1783 3659 1898 3717 ullo
1929 3660 2051 3728 eius
2093 3658 2286 3716 labore

274 3758 339 3807 et
366 3750 627 3823 periculo
655 3751 1076 3810 confecturum.
