2796 4207
913 234 1061 287 Lm.
1105 235 1203 287 ιν.
1245 235 1413 288 cAP.
1454 234 1743 288 x1-x1V.
2254 219 2372 285 111

265 396 476 473 procul
503 394 1019 469 animadvertisset,
1042 397 1282 456 incitato
1311 414 1468 473 equo
1490 416 1552 455 se
1576 397 1839 457 hostibus
1868 398 2077 457 obtulit
2104 409 2280 476 atque

265 489 606 547 interfectus
635 496 742 545 est.

214 684 234 696 ,
317 648 544 713 Caesar,
569 647 845 717 suddenly
868 646 1182 718 attacking,
1212 653 1372 702 routs
1395 646 1546 701 them
1572 647 1715 702 with
1730 655 1900 720 great
1920 648 2228 722 slaughter.

345 786 522 844 XIII.
570 785 710 843 Hoc
761 786 916 842 facto
967 784 1190 859 proelio
1233 784 1451 843 Caesar
1494 802 1688 860 neque
1735 784 1853 843 iam
1903 786 2013 845 sibi
2056 787 2281 864 legatos

261 874 595 934 audiendos
624 893 818 951 neque
847 874 1230 952 condiciones
1264 875 1641 951 accipiendas
1679 875 2059 935 arbitrabatur
2085 879 2160 938 ab
2188 880 2273 951 iis,

259 970 368 1044 qui
396 987 502 1044 per
529 967 732 1027 dolum
760 979 936 1045 atque
976 968 1228 1039 insidiam,
1259 969 1443 1045 petita
1476 987 1643 1044 pace,
1674 970 1824 1027 ultro
1866 970 2082 1029 bellum
2126 972 2273 1031 intu-
2309 996 2335 1048 5

258 1061 500 1133 lissent3
557 1070 894 1135 exspectare
939 1078 1095 1130 vere,
1153 1058 1296 1117 dum
1353 1060 1609 1117 hostium
1665 1062 1873 1135 copiae
1929 1072 2277 1137 augerentur

259 1152 674 1226 equitatusque
710 1159 1106 1222 reverteretur,
1137 1168 1401 1208 summae
1440 1150 1773 1209 dementiae
1804 1170 1931 1211 esse
1961 1152 2272 1225 iudicabat,

259 1252 324 1301 et
353 1244 588 1318 cognita
605 1242 907 1301 Gallorum
935 1241 1284 1313 infirmitate,
1307 1230 1592 1317 quantum
1616 1243 1728 1299 iam
1756 1242 1917 1318 apud
1945 1261 2047 1303 eos
2078 1243 2275 1302 hostes

259 1352 384 1392 uno
426 1333 657 1409 proelio
690 1331 1044 1391 auctoritatis
1086 1342 1280 1391 essent
1320 1334 1643 1404 consecuti,
1689 1334 2011 1407 sentiebat3
2062 1334 2275 1409 quibus

259 1424 342 1483 ad
379 1424 622 1483 consilia
657 1422 948 1499 capienda
988 1422 1130 1481 nihil
1171 1423 1342 1499 spatii
1385 1422 1650 1482 dandum
1692 1424 2076 1484 existimabat.
2161 1426 2275 1484 His
2308 1441 2367 1478 10

261 1516 594 1575 constitutis
633 1516 804 1575 rebus
847 1525 905 1574 et
947 1514 1191 1573 consilio
1233 1533 1372 1571 cum
1414 1514 1613 1591 legatis
1656 1524 1717 1574 et
1759 1526 2067 1591 quaestore
2108 1534 2272 1575 com-

259 1608 582 1678 municato,
625 1624 700 1664 ne
742 1617 922 1681 quem
965 1604 1122 1663 diem
1164 1623 1398 1682 pugnae
1449 1607 1948 1683 praetermitteret,
1992 1616 2267 1682 opportu-

261 1697 504 1757 nissima
529 1714 620 1755 res
657 1695 887 1767 accidit,
918 1696 1083 1771 quod
1124 1695 1405 1771 postridie
1448 1698 1571 1755 eius
1604 1696 1723 1756 diei
1762 1716 1936 1755 mane
1974 1696 2187 1757 eadem
2216 1707 2276 1757 et
2334 1752 2339 1757 .

261 1786 512 1865 perfidia
539 1797 598 1845 et
625 1787 992 1846 simulatione
1021 1787 1109 1845 usi
1140 1788 1421 1846 Germani
1449 1788 1781 1863 frequentes
1815 1789 2089 1847 omnibus
2118 1788 2275 1865 prin-

262 1880 494 1955 cipibus
537 1879 964 1954 maioribusque
1009 1887 1147 1935 natu
1191 1877 1465 1937 adhibitis
1505 1878 1584 1937 ad
1625 1897 1763 1938 eum
1797 1880 1858 1938 in
1886 1888 2073 1938 castra
2100 1898 2273 1939 vene·
2308 1899 2364 1951 15

261 1979 417 2042 runt,
461 1968 648 2040 simul,
684 1979 747 2027 ut
783 1968 1107 2042 dicebatur,
1150 1970 1240 2027 sui
1281 1969 1571 2045 purgandi
1611 1988 1805 2041 causa,
1846 1969 2011 2045 quod
2054 1984 2273 2044 contra,

261 2072 442 2138 atque
481 2070 634 2122 esset
670 2060 892 2120 dictum
937 2069 996 2120 et
1045 2060 1154 2137 ipsi
1196 2060 1495 2137 petissent,
1543 2062 1829 2139 proelium
1874 2061 2063 2139 pridie
2110 2081 2272 2124 com-

263 2155 574 2225 misissent,
623 2153 793 2211 simul
848 2163 929 2224 ut,
979 2153 1028 2212 si
1083 2153 1228 2229 quid
1283 2163 1542 2229 possent,
1595 2153 1673 2213 de
1728 2153 1964 2213 indutiis
2020 2154 2274 2214 fallendo

263 2253 657 2327 impetrarent.
743 2251 909 2325 Quos
946 2250 1056 2310 sibi
1091 2251 1308 2311 Caesar
1345 2251 1572 2310 oblatos
1606 2253 1851 2328 gavisuS,
1882 2252 2008 2311 illos
2041 2253 2274 2312 retineri

264 2345 427 2404 iussit
447 2365 466 2418 3
509 2345 632 2420 ipse
661 2362 868 2402 omnes
896 2345 1098 2420 copias
1137 2345 1336 2402 castris
1375 2343 1579 2404 eduxit
1614 2345 2077 2420 equitatumque,
2110 2345 2273 2422 quod
2304 2361 2365 2397 20

262 2436 487 2496 recenti
519 2434 741 2512 proelio
781 2436 1144 2511 perterritum
1183 2453 1310 2494 esse
1341 2436 1723 2508 existimabat,
1753 2453 1964 2511 agmen
1994 2437 2271 2512 subsequi

263 2530 444 2589 iussit.
813 2529 820 2536 '
1990 2597 1992 2599 ¹

342 2619 507 2679 XIV.
550 2620 692 2678 Acie
731 2619 938 2697 triplici
980 2618 1240 2679 instituta
1268 2629 1328 2678 et
1355 2618 1617 2678 celeriter
1644 2629 1782 2678 octo
1812 2619 2032 2678 milium
2070 2620 2273 2679 itinere

263 2711 540 2770 confecto
574 2711 731 2786 prius
767 2711 846 2768 ad
888 2710 1141 2770 hostiurn
1179 2720 1368 2770 castra
1409 2711 1691 2786 pervenit,
1730 2729 1925 2786 quam,
1962 2710 2107 2786 quid
2143 2729 2274 2786 age-

261 2817 436 2879 retur,
477 2807 756 2866 Germani
798 2807 1008 2865 sentire
1052 2816 1315 2882 possent.
1404 2807 1524 2881 Qui
1560 2806 1835 2865 omnibus
1872 2806 2045 2864 rebus
2081 2807 2273 2866 subito
2304 2824 2363 2876 25

262 2899 549 2974 perterriti
598 2907 656 2955 et
701 2897 992 2956 celeritate
1039 2897 1324 2957 adventus
1368 2897 1551 2956 nostri
1596 2907 1657 2955 et
1706 2896 1966 2956 discessu
2015 2916 2271 2970 suorum,

263 3007 459 3065 neque
517 2988 740 3048 consilii
789 2988 1045 3047 habendi
1096 3007 1291 3064 neque
1339 3007 1501 3048 arma
1548 2987 1824 3063 capiendi
1871 2989 2059 3063 spatio
2110 2987 2270 3060 date,

262 3066 688 3156 perturbantur,
735 3080 1010 3155 copiasne
1065 3079 1340 3138 adversus
1396 3079 1628 3138 hostem
1671 3077 1908 3150 ducere,
1960 3097 2037 3137 an
2086 3089 2275 3137 castra

262 3171 604 3244 defendere,
627 3190 704 3230 an
732 3173 868 3248 fuga
894 3173 1137 3232 salutem
1164 3182 1364 3248 petere
1393 3181 1731 3248 praestaret.
1803 3171 2072 3245 Quorum
2101 3173 2276 3230 timor

263 3283 400 3322 cum
429 3263 661 3321 fremitu
690 3272 750 3321 et
778 3281 1064 3322 concursu
1108 3263 1540 3339 significaretur,
1572 3263 1782 3321 milites
1823 3261 2007 3321 nostri
2048 3263 2273 3338 pristini
2303 3271 2363 3324 30

263 3354 382 3413 diei
435 3353 684 3430 perfidia
736 3354 955 3412 incitati
998 3354 1058 3412 in
1103 3364 1288 3414 castra
1342 3355 1683 3430 irruperunt.
1785 3353 1924 3428 Quo
1968 3353 2122 3425 loc0,
2171 3355 2273 3430 qui

264 3445 528 3504 celeriter
554 3462 716 3502 arma
751 3463 961 3520 capere
994 3454 1326 3521 potuerunt,
1350 3445 1649 3520 ‘paulisper
1689 3445 1899 3502 nostris
1942 3444 2273 3505 restiterunt

264 3546 441 3611 atque
459 3535 610 3593 inter
626 3553 820 3595 carros
842 3535 1378 3612 impedimentaque
1404 3536 1687 3612 proelium
1717 3535 2134 3594 commiserunt
2154 3556 2171 3608 ;
2214 3547 2274 3595 at

264 3626 488 3702 reliqua
515 3625 826 3685 multitudo
856 3645 1169 3702 puerorum
1199 3627 1623 3702 mulierumque
1646 3659 1726 3668 —
1747 3643 1883 3683 nam
1918 3643 2055 3684 cum
2084 3628 2272 3686 omni-

163 3773 169 3780 .
263 3718 372 3777 bus
401 3717 520 3776 suis
552 3715 736 3774 domo
765 3728 1130 3776 excesserant
1160 3718 1552 3793 Rhenumque
1596 3716 1939 3774 transierant
1958 3749 2037 3760 —-
2055 3718 2271 3792 passim
2301 3731 2363 3785 35

263 3807 461 3884 fugere
485 3808 686 3882 coepit
707 3829 723 3879 3
752 3808 826 3866 ad
846 3827 994 3883 quos
1017 3809 1449 3866 consectandos
1468 3809 1683 3867 Caesar
1705 3807 2027 3880 equitatum
2056 3809 2225 3866 misit.
