2796 4207
415 256 541 320 134
1051 273 1159 325 DE
1214 272 1470 325 BELLO
1524 270 1758 324 GALLI
1771 270 1868 323 CO

495 450 629 509 pars
670 432 923 491 maxima
962 440 1052 490 est
1092 431 1241 489 inter
1278 430 1512 489 Mosam
1540 447 1609 487 ac
1639 430 1934 501 Rhenum,
1965 429 2066 504 qui
2107 429 2216 487 sub
2253 428 2503 505 imperio

495 526 845 602 Ambiorigis
874 535 934 584 et
962 524 1267 585 Catuvolci
1296 533 1476 596 erant,
1507 523 1678 582 misit.
1767 523 1880 581 His
1908 523 2180 581 militibus
2211 522 2499 597 Quintum

494 618 779 677 Titurium
822 618 1100 678 Sabinum
1141 626 1201 676 et
1240 618 1486 675 Lucium
1515 617 1968 675 Aurunculeium
1999 617 2236 676 Cottam
2278 616 2501 691 legatos

494 727 763 785 praeesse
797 710 976 769 iussit.
1060 707 1156 767 Ad
1184 708 1341 767 hunc
1370 706 1616 767 modum
1645 706 1959 767 distributis
1987 707 2312 782 legionibus
2340 707 2498 765 facil—

440 814 467 867 5
494 800 630 859 lime
690 800 924 876 inopiae
973 799 1379 858 frumentariae
1438 816 1566 858 sese
1623 798 1847 857 mederi
1901 816 2074 874 posse
2132 798 2494 856 existimavit.

492 893 687 967 Atque
731 891 932 949 harum
968 902 1165 949 tamen
1204 891 1469 949 omnium
1498 891 1792 967 legionum
1821 890 2062 949 hiberna
2089 899 2318 965 praeter
2344 907 2496 961 eam,

493 1000 671 1057 quam
701 982 884 1040 Lucio
915 982 1136 1040 Roscio
1166 981 1226 1038 in
1254 982 1684 1057 pacatissimam
1721 990 1779 1039 et
1812 981 2227 1057 quietissimam
2269 991 2495 1056 partem

494 1071 831 1131 ducendam
870 1071 1129 1144 dederat,
1162 1072 1389 1131 milibus
1428 1089 1704 1147 passuum
1743 1081 1978 1130 centum
2023 1072 2491 1130 continebantur.

492 1164 630 1241 Ipse
682 1164 919 1235 interea,
963 1162 1162 1239 quoad
1211 1163 1470 1239 legiones
1519 1164 1831 1223 collocatas
1873 1164 2211 1239 munitaque
2254 1162 2496 1222 hiberna

405 1288 463 1325 10
493 1255 881 1331 cognovisset,
910 1255 971 1313 in
1001 1254 1188 1315 Gallia
1216 1254 1426 1313 morari
1454 1254 1768 1313 constituit.

566 1347 748 1405 XXV.
792 1348 932 1405 Erat
979 1347 1039 1405 in
1088 1346 1436 1406 Carnutibus
1485 1365 1715 1406 summo
1769 1347 1904 1406 loco
1953 1356 2121 1405 natus
2168 1347 2492 1422 Tasgetiu5‚

488 1438 651 1497 cuius
708 1438 953 1497 maiores
1007 1438 1068 1496 in
1123 1455 1228 1496 sua
1281 1436 1511 1496 civitate
1559 1455 1802 1514 regnum
1857 1438 2246 1497 obtinuerant.
2333 1437 2495 1494 Huic

487 1530 705 1590 Caesar
758 1548 864 1607 pro
914 1530 1037 1589 eius
1076 1530 1282 1588 virtute
1331 1539 1508 1605 atque
1550 1530 1612 1588 in
1655 1547 1716 1588 se
1757 1530 2183 1602 benevolentia,
2228 1529 2392 1605 quod
2435 1530 2495 1587 in

486 1622 757 1680 omnibus
798 1621 960 1680 bellis
1002 1621 1271 1697 singulari
1304 1621 1428 1679 eius
1469 1638 1650 1698 opera
1676 1620 1860 1679 fuerat
1899 1640 2054 1693 usuS,
2085 1621 2368 1679 maiorum
2413 1620 2492 1677 lo·

403 1737 459 1788 15
486 1731 622 1772 cum
661 1713 1000 1771 restituerat.
1081 1711 1344 1771 Tertium
1384 1712 1502 1770 iam
1543 1711 1699 1770 hunc
1740 1730 1957 1770 annum
1996 1721 2358 1788 regnantem,
2388 1710 2493 1769 ini-

485 1804 652 1862 micis
695 1804 886 1862 multis
926 1802 1119 1879 palam
1160 1821 1235 1862 ex
1282 1802 1512 1861 civitate
1541 1813 1600 1861 et
1645 1803 1712 1861 iis
1753 1803 2100 1875 auctoribuS,
2143 1820 2278 1861 eum
2322 1802 2497 1860 inter-

486 1894 764 1954 fecerunt.
850 1894 1120 1953 Defertur
1161 1912 1231 1953 ea
1270 1912 1361 1953 res
1404 1893 1482 1953 ad
1524 1893 1853 1953 Caesarem.
1938 1893 2044 1952 Ille
2072 1894 2302 1965 veritus,
2332 1892 2497 1968 quod

485 1984 563 2043 ad
616 1986 807 2061 plures
862 1986 1207 2062 pertinebat,
1256 2004 1330 2044 ne
1386 1985 1586 2043 civitas
1635 2003 1838 2043 eorum
1892 1985 2143 2061 impulsu
2200 1984 2496 2056 deficeret,

488 2077 731 2135 Lucium
764 2077 1044 2137 Plancum
1087 2096 1225 2136 cum
1264 2076 1495 2155 legione
1526 2094 1599 2136 ex
1640 2076 1839 2154 Belgio
1882 2076 2145 2136 celeriter
2171 2076 2231 2135 in
2274 2076 2496 2136 Carnu·

398 2185 460 2222 20
486 2179 571 2228 tes
599 2169 889 2244 proficisci
933 2170 1093 2229 iubet
1119 2170 1316 2247 ibique
1358 2169 1633 2241 hiemare,
1662 2186 2028 2244 quorumque
2069 2186 2248 2244 opera
2276 2186 2498 2244 cogno·

483 2269 644 2318 verat
663 2261 997 2337 Tasgetium
1026 2261 1412 2333 interfectum,
1437 2260 1544 2319 hos
1567 2260 2024 2336 comprehensos
2053 2259 2130 2318 ad
2157 2278 2220 2319 se
2249 2261 2497 2319 mittere.

424 2389 457 2424 ς,
488 2353 729 2412 Interim
756 2355 831 2413 ab
860 2355 1130 2415 omnibus
1158 2355 1358 2432 legatis
1386 2366 1831 2432 quaestoreque,
1861 2355 2070 2431 quibus
2097 2353 2356 2431 legiones
2386 2364 2497 2412 tra-

403 2494 416 2503 .
486 2443 732 2519 diderat,
774 2447 987 2505 certior
1032 2447 1218 2506 factus
1259 2455 1364 2521 est,
1408 2447 1470 2505 in
1510 2446 1754 2506 hiberna
1798 2455 2142 2526 perventum
2182 2445 2500 2520 locumque

296 2522 298 2524 ’
383 2558 385 2560 ’
486 2537 739 2597 hibernis
780 2555 907 2597 esse
950 2537 1256 2597 munitum.

498 2719 607 2774 lee
630 2709 842 2776 wiriter
860 2725 1024 2792 camp
1049 2725 1122 2792 of
1132 2722 1382 2776 Sabinus
1407 2722 1533 2776 and
1553 2721 1714 2778 Cotta
1739 2723 1790 2775 is
1812 2720 2081 2778 attached.
2155 2722 2268 2776 The
2290 2723 2501 2792 offi’cers

718 2802 924 2873 parley
949 2802 1091 2858 with
1117 2802 1210 2858 the
1222 2805 1340 2875 foe,
1366 2803 1469 2859 but
1488 2802 1740 2875 dtis-agree
1763 2803 1903 2858 with
1929 2801 2058 2857 each
2084 2803 2258 2858 other.

400 2970 457 3022 25
566 2937 780 2995 XXVI.
827 2937 1051 2997 Diebus
1092 2938 1319 2997 circiter
1357 2955 1455 3010 xv,
1485 2937 1696 3014 quibus
1737 2938 1798 2996 in
1839 2938 2078 2997 hiberna
2111 2947 2349 2996 ventum
2391 2949 2498 3010 est,

484 3027 711 3087 initium
750 3028 1037 3103 repentini
1079 3027 1356 3087 tumultus
1398 3047 1470 3086 ac
1513 3027 1860 3087 defectionis
1903 3040 2091 3088 ortum
2125 3037 2214 3086 est
2254 3027 2330 3086 ab
2358 3029 2496 3085 Am-

484 3119 703 3194 biorige
746 3128 805 3177 et
854 3120 1212 3193 Catuvolco;
1268 3118 1388 3195 qui,
1446 3137 1582 3177 cum
1631 3118 1708 3177 ad
1755 3119 1901 3178 fines
1949 3119 2109 3194 regni
2151 3119 2239 3177 sui
2283 3119 2499 3177 Sabino

486 3211 815 3285 Cottaeque
841 3219 1072 3284 praesto
1101 3210 1339 3269 fuissent
1366 3209 1836 3286 frumentumque
1870 3211 1929 3267 in
1957 3210 2198 3268 hiberna
2225 3227 2497 3284 compor-

484 3300 778 3372 tavissent,
822 3298 1207 3358 Indutiomari
1244 3301 1484 3358 Treveri
1524 3301 1738 3358 nuntiis
1787 3300 2017 3375 impulsi
2058 3319 2194 3358 suos
2235 3300 2494 3359 concita-

397 3415 459 3466 30
483 3401 690 3450 verunt
743 3390 1054 3466 subitoque
1110 3392 1402 3467 oppressis
1476 3391 1848 3466 lignatoribus
1919 3409 2132 3466 magna
2186 3409 2365 3449 manu
2420 3390 2498 3448 ad

484 3490 671 3539 castra
724 3491 1125 3558 oppugnatum
1179 3490 1480 3540 venerunt.
1580 3481 1732 3540 Cum
1789 3479 2053 3538 celeriter
2107 3481 2284 3538 nostri
2339 3499 2498 3538 arma

485 3573 775 3648 cepissent
814 3572 1143 3648 vallumque
1191 3570 1591 3631 ascendissent
1638 3582 1811 3647 atque
1858 3589 1974 3630 una
2021 3589 2093 3630 ex
2141 3582 2304 3646 parte
2359 3572 2495 3629 His-

484 3662 650 3736 panis
693 3663 981 3736 equitibus
1029 3662 1250 3720 emissis
1299 3664 1554 3738 equestri
1601 3662 1822 3738 proelio
1871 3663 2195 3738 superiores
2238 3661 2492 3731 fuissent,

484 3749 790 3827 desperata
815 3770 877 3810 re
916 3751 1112 3810 hostes
1140 3770 1277 3811 suos
1304 3753 1381 3812 ab
1419 3753 1855 3828 oppugnatione
1889 3751 2259 3811 reduxerunt.
2343 3753 2497 3810 Tum

398 3857 459 3909 35
484 3859 589 3899 suo
619 3859 782 3900 more
821 3843 1351 3916 conclamaverunt,
1380 3843 1465 3901 uti
1493 3843 1669 3917 aliqui
1696 3861 1770 3902 ex
1797 3844 2005 3903 nostris
2033 3841 2112 3901 ad
2140 3843 2497 3920 colloquium
