2796 4207
451 182 532 247 72
1087 201 1196 253 DE
1251 201 1505 253 BELLo
1560 198 1907 253 GALL1co

593 440 808 495 Caesar
841 442 1094 496 remains
1109 443 1262 512 firm
1277 461 1307 504 ,·
1345 442 1471 495 and
1496 444 1716 509 escapes
1735 443 1902 510 from
1942 438 2033 493 the
2069 456 2266 493 suares
2299 446 2384 495 set
2416 424 2482 509 ργ

1355 522 1710 575 Ariovistus.

614 647 792 705 XLV.
839 647 1027 705 Multa
1075 647 1150 706 ab
1201 646 1450 705 Caesare
1498 644 1559 703 in
1604 662 1735 703 eam
1784 646 2132 703 sententiam
2180 646 2339 703 dicta
2387 656 2539 717 sunt,

535 755 712 813 quare
735 739 973 813 negotio
997 738 1276 796 desistere
1299 754 1421 795 non
1440 746 1641 811 posset
1662 758 1679 809 3
1714 754 1906 811 neque
1930 754 2094 794 suam
2122 754 2316 811 neque
2339 737 2542 812 populi

535 828 791 886 Romani
847 828 1337 887 consuetudinem
1391 828 1531 902 pati,
1588 828 1669 885 uti
1727 828 1948 902 optime
2004 836 2294 885 merentes
2348 828 2541 885 socios

534 917 844 991 desereret,
891 938 1085 994 neque
1137 935 1198 977 se
1240 918 1516 989 iudicare,
1568 917 1815 976 Galliam
1861 916 2053 991 potius
2103 935 2230 975 esse
2272 918 2541 975 Ariovisti

479 1030 506 1079 5
532 1027 708 1084 quam
763 1011 968 1085 populi
1023 1010 1295 1068 Romani.
1380 1009 1543 1067 Bello
1599 1020 1898 1083 superatos
1955 1025 2080 1065 esse
2138 1011 2425 1066 Arvernos
2482 1018 2542 1064 et

533 1100 800 1157 Rutenos
838 1100 912 1158 ab
957 1099 1180 1174 Quinto
1220 1099 1401 1159 Fabio
1444 1098 1725 1169 MaximO,
1770 1098 1980 1173 quibus
2024 1097 2273 1171 populus
2315 1098 2536 1153 Roma-

532 1208 640 1247 nus
669 1190 982 1265 ignovisset
1015 1208 1208 1265 neque
1238 1190 1297 1247 in
1325 1188 1682 1264 provinciam
1723 1188 2043 1262 redegisset
2084 1205 2277 1261 neque
2320 1188 2528 1261 stipen-

532 1279 693 1337 dium
737 1281 1124 1356 imposuisset.
1209 1279 1390 1354 Quod
1420 1280 1467 1337 si
1495 1279 1955 1354 antiquissimum
1985 1277 2265 1353 quodque
2305 1288 2537 1353 tempus

465 1447 470 1451 ⁴
531 1375 778 1450 spectari
808 1386 1120 1451 oporteret,
1152 1375 1354 1451 populi
1383 1375 1639 1433 Romani
1681 1374 2054 1432 iustissimum
2095 1391 2222 1431 esse
2262 1374 2321 1431 in
2351 1374 2539 1431 Gallia

447 1496 504 1531 10
530 1466 876 1541 imperium,
921 1468 968 1525 si
1009 1466 1288 1525 iudicium
1331 1476 1567 1524 senatus
1610 1466 1901 1524 observari
1943 1474 2253 1540 oporteret,
2296 1464 2535 1522 liberam

531 1557 758 1617 debere.
805 1576 931 1616 esse
982 1558 1251 1630 Galliam,
1302 1576 1477 1632 quam
1539 1557 1689 1616 bello
1738 1559 1948 1614 victam
2005 1557 2120 1615 suis
2175 1555 2397 1631 legibus
2452 1557 2537 1612 uti

529 1648 819 1707 voluisset.

607 1740 824 1798 XLVI.
869 1741 1029 1797 Dum
1072 1739 1220 1797 haec
1261 1740 1321 1796 in
1364 1739 1658 1814 colloquio
1700 1749 1989 1813 geruntur,
2034 1737 2269 1795 Caesari
2312 1738 2533 1793 nuntia-

530 1840 654 1887 tum
697 1840 800 1902 est,
845 1831 1070 1905 equites
1113 1830 1381 1888 Ariovisti
1422 1830 1662 1905 propius
1704 1829 1988 1887 tumulum
2029 1826 2315 1885 accedere
2358 1838 2417 1885 et
2456 1828 2535 1885 ad

444 1956 502 2007 15
529 1930 758 1979 nostros
818 1919 1172 1995 adequitare,
1242 1919 1465 1995 lapides
1532 1919 1761 1995 telaque
1833 1920 1891 1976 in
1957 1928 2184 1977 nostros
2239 1919 2531 1977 conicere.

530 2010 747 2069 Caesar
786 2011 1068 2086 loquendi
1111 2012 1290 2069 finem
1334 2010 1471 2068 facit
1512 2027 1692 2085 seque
1735 2010 1811 2067 ad
1854 2028 1989 2068 suos
2030 2010 2251 2085 recepit
2298 2009 2532 2084 suisque

530 2102 848 2179 imperavit,
879 2121 955 2160 ne
986 2101 1148 2177 quod
1166 2101 1409 2160 omnino
1460 2101 1640 2160 telum
1669 2101 1727 2158 in
1757 2100 1954 2160 hostes
1990 2101 2290 2160 reicerent.
2377 2100 2533 2159 Nam

531 2195 638 2252 etsi
665 2193 790 2252 sine
829 2193 945 2252 ullo
987 2192 1246 2269 periculo
1288 2192 1533 2268 legionis
1576 2183 1843 2250 delectae
1880 2211 2018 2250 cum
2060 2193 2319 2268 equitatu
2358 2211 2531 2268 proe-

527 2285 669 2343 lium
722 2285 844 2343 fore
892 2283 1144 2358 videbat,
1195 2294 1392 2343 tamen
1450 2284 1936 2344 committendum
1992 2304 2111 2344 non
2161 2286 2419 2362 putabat,
2468 2296 2535 2342 ut

441 2403 502 2439 20
529 2377 706 2452 pulsis
749 2377 1010 2436 hostibus
1053 2375 1170 2436 dici
1213 2386 1430 2452 posset,
1470 2394 1573 2435 eos
1610 2377 1686 2434 ab
1718 2394 1781 2434 se
1810 2395 1915 2453 per
1941 2376 2120 2434 fidem
2148 2377 2209 2434 in
2236 2375 2533 2450 colloquio

455 2531 466 2542 ‚
527 2469 970 2527 circumventos,
1056 2469 1446 2544 Posteaquam
1492 2468 1553 2526 in
1600 2467 1801 2543 vulgus
1856 2467 2099 2525 militum
2156 2467 2369 2525 elatum
2424 2475 2533 2536 est,

529 2579 647 2636 qua
701 2561 1022 2638 arrogantia
1077 2561 1138 2618 in
1197 2559 1494 2636 colloquio
1560 2559 1875 2617 Ariovistus
1934 2576 2069 2616 usus
2126 2557 2288 2614 omni
2345 2555 2537 2614 Gallia

531 2652 812 2710 Romanis
860 2651 1263 2724 interdixisset,
1311 2651 1715 2726 impetumque
1761 2649 1820 2706 in
1864 2659 2091 2706 nostros
2137 2647 2259 2706 eius
2308 2645 2535 2721 equites

529 2743 817 2816 fecissent,
863 2760 1049 2818 eaque
1091 2759 1182 2800 res
1225 2741 1582 2817 colloquium
1628 2750 1690 2798 ut
1732 2738 2073 2812 diremisset,
2116 2737 2300 2796 multo
2350 2737 2537 2794 maior

443 2826 502 2913 ές
530 2833 790 2890 alacritas
821 2831 1193 2908 studiumque
1224 2831 1525 2908 pugnandi
1554 2831 1739 2889 maius
1769 2829 2045 2888 exercitui
2073 2829 2350 2887 iniectum
2380 2837 2484 2885 est.

601 3017 940 3071 Ariovistus
983 3016 1199 3071 tkrows
1230 3018 1348 3071 into
1385 3015 1586 3069 chains
1622 3022 1737 3070 two
1772 3015 1975 3085 legates
2008 3015 2083 3084 qf
2112 3013 2337 3076 Caesar,
2365 3011 2467 3064 but
2524 3026 2536 3033 ⁸

1309 3096 1512 3162 avoids
1548 3095 1731 3151 battle.

610 3218 854 3276 XLVII.
899 3217 1090 3276 Biduo
1125 3226 1259 3292 post
1285 3217 1601 3275 Ariovistus
1630 3216 1707 3274 ad
1735 3216 2045 3274 Caesarem
2074 3212 2293 3289 le'gatos
2322 3213 2495 3270 mittit
2519 3234 2530 3270 :

530 3308 692 3366 Velle
722 3325 787 3366 se
815 3307 892 3366 de
922 3308 1009 3366 his
1037 3308 1228 3380 rebus,
1259 3325 1411 3382 quae
1439 3307 1589 3365 inter
1616 3324 1717 3365 eos
1754 3307 1844 3380 agi
1881 3315 2125 3380 coeptae
2168 3321 2361 3378 neque
2404 3321 2533 3377 per-

533 3401 718 3458 fectae
747 3408 960 3470 essent,
991 3416 1160 3474 agere
1196 3417 1333 3456 cum
1362 3417 1471 3457 eo:
1518 3398 1601 3455 uti
1643 3406 1740 3454 aut
1782 3398 1987 3470 iterum
2031 3394 2331 3469 colloquio
2372 3392 2535 3454 diem

533 3489 909 3548 constitueret
942 3499 1058 3560 aut,
1089 3489 1136 3547 si
1169 3488 1232 3546 id
1265 3489 1455 3546 minus
1483 3488 1671 3559 vellet,
1700 3505 1734 3544 e
1765 3487 1881 3546 suis
1922 3486 2121 3562 legatis
2162 3485 2415 3560 aliquem
2457 3483 2537 3542 ad

447 3595 508 3644 30
534 3597 596 3638 se
639 3580 908 3638 mitteret.
994 3579 1386 3655 Colloquendi
1417 3579 1650 3637 Caesari
1691 3596 1869 3635 causa
1894 3577 2015 3635 visa
2054 3595 2175 3634 non
2216 3585 2322 3648 est,
2359 3585 2420 3633 et
2460 3593 2535 3632 eo

535 3671 736 3744 magi8‚
767 3669 1145 3745 quod-pridie
1175 3671 1296 3728 eius
1327 3669 1443 3726 diei
1474 3669 1752 3728 Germani
1780 3669 2009 3726 retineri
2042 3686 2162 3748 non
2202 3675 2536 3743 potuerant,

537 3761 679 3835 quin
705 3761 766 3817 in
795 3770 1023 3819 nostros
1061 3760 1175 3818 tela
1201 3761 1553 3818 conicerent.
1642 3761 1922 3834 Legatum
1953 3777 1985 3817 e
2016 3759 2130 3817 suis
2158 3777 2285 3816 sese
2317 3775 2537 3833 magno
