2796 4207
268 156 319 210 -0
885 161 992 213 DE
1047 160 1298 214 BELLO
1353 160 1699 215 GALLICO

324 326 614 398 inferrent,
645 326 784 383 alias
825 325 1042 385 illatum
1073 324 1475 397 defenderent,
1507 344 1795 387 consensu
1826 346 2029 389 eorum
2060 332 2316 393 omnium

321 436 470 495 pace
499 419 651 475 sacta
679 417 835 475 hunc
865 418 972 476 sibi
1002 417 1301 477 domicilio
1332 418 1527 476 locum
1560 402 1918 494 delegerunt.

399 510 583 568 XXX;
629 512 716 567 Ac
737 512 926 585 primo
945 510 1196 569 adventu
1221 512 1509 569 exercitus
1530 511 1709 568 nostri
1738 512 1969 571 crebras
1992 532 2065 572 ex
2092 516 2317 591 oppido

319 602 690 661 excursiones
733 602 1023 661 faciebant
1067 602 1432 678 parvulisque
1469 602 1701 678 proeliis
1744 622 1879 662 curn
1922 607 2132 665 nostris
2173 626 2315 666 con-

265 716 290 768 5
319 692 677 765 tendebant3
721 703 930 769 postea
967 690 1115 751 vallo
1159 712 1432 769 passuum
1464 695 1523 751 in
1553 694 1795 751 circuitu
1824 712 1905 753 xv
1934 697 2153 755 milium
2196 716 2317 757 cre-

317 785 548 859 brisque
579 785 824 847 castellis
856 787 1282 843 circummuniti
1311 784 1535 861 oppido
1566 802 1691 843 sese
1716 787 2110 845 continebant.
2197 790 2315 849 Ubi

316 877 494 933 vineis
523 876 666 933 actis
695 894 902 951 aggere
933 888 1223 935 exstructo
1265 878 1461 934 turrim
1492 876 1695 951 procul
1725 878 1996 935 constitui
2026 878 2311 951 viderunt,
2330 894 2344 913 ¹

314 967 566 1042 primum
588 968 819 1025 irridere
844 986 916 1025 ex
939 987 1104 1025 muro
1127 979 1300 1043 atquc
1322 969 1665 1043 increpitare
1688 970 1944 1041 vocibus,
1968 968 2131 1044 quod
2154 981 2312 1029 tanta

312 1059 666 1117 machinatio
709 1060 782 1117 ab
831 1068 992 1117 tanto
1036 1060 1222 1134 spatio
1267 1060 1674 1120 instrueretur:
1735 1062 2080 1137 quibusnam
2128 1064 2308 1120 mani-
2351 1068 2360 1076 '

229 1177 285 1213 ιο
310 1150 419 1209 bus
461 1160 561 1207 aut
601 1150 810 1225 quibus
854 1150 1064 1207 viribus
1109 1151 1444 1224 praesertim
1477 1150 1741 1211 homines
1771 1152 2022 1211 tantulae
2062 1163 2308 1211 staturae

319 1242 486 1315 (nam
517 1241 856 1317 plerumque
887 1242 1159 1301 omnibus
1189 1242 1368 1300 Gallis
1397 1260 1534 1317 prae
1567 1242 1965 1319 magnitudine
1997 1262 2306 1319 corporum

310 1350 542 1391 suorum
589 1332 834 1391 brevitas
877 1341 1074 1391 nostra
1115 1333 1480 1409 contemptui
1522 1336 1638 1412 est)
1685 1334 1827 1393 tanti
1876 1335 2067 1393 oneris
2110 1336 2306 1393 turrim
2344 1380 2361 1407 s

309 1432 569 1484 moturos
597 1440 724 1482 sese
755 1422 1160 1483 confiderent?
2320 1419 2336 1438 ¹

427 1609 571 1679 They
595 1610 915 1673 surrentin,
947 1612 1186 1679 attempt
1209 1609 1509 1681 treachery,
1538 1628 1637 1666 are
1660 1611 1791 1665 sold
1807 1614 1927 1666 into
1952 1612 2191 1683 slavery.

387 1745 602 1803 XXXI.
646 1744 765 1803 Ubi
795 1762 932 1802 vero
961 1743 1179 1802 moveri
1209 1753 1267 1801 et
1297 1744 1762 1820 appropinquare
1806 1745 2113 1804 moenibus
2140 1744 2299 1803 vide—

222 1860 277 1911 15
305 1845 454 1907 runt,
483 1854 636 1894 nova
664 1844 836 1910 atque
862 1836 1130 1893 inusitata
1158 1835 1353 1911 specie
1385 1835 1665 1893 commoti
1707 1836 1925 1911 legatos
1970 1836 2045 1894 ad
2090 1836 2298 1895 Caesa·

303 1946 427 1985 rem
461 1927 536 1985 de
571 1944 718 2003 pace
749 1927 1044 1998 miserunt,
1078 1926 1194 2001 qui,
1226 1924 1302 1983 ad
1331 1926 1487 1983 hunc
1520 1926 1761 1984 modum
1791 1927 2004 1986 locuti:
2050 1948 2169 1995 non
2201 1946 2298 1987 ex·

305 2020 571 2090 istimare,
604 2020 905 2077 Romanos
947 2018 1070 2075 sine
1115 2034 1230 2093 ope
1261 2014 1457 2075 divina
1484 2018 1700 2076 bellum
1727 2036 1944 2094 gerere,
1978 2021 2075 2096 qui
2107 2030 2297 2079 tantae

301 2114 614 2174 altitudinis
643 2115 1102 2176 machinationes
1136 2127 1296 2175 tanta
1324 2116 1615 2174 celeritate
1653 2131 1997 2191 promovere
2040 2124 2295 2189 possent,

301 2225 361 2265 se
386 2225 604 2283 suaque
627 2208 826 2280 omnia
845 2227 1047 2268 eorum
1069 2209 1340 2286 potestati
1363 2209 1695 2285 permittere
1719 2205 2003 2266 dixerunt.
2095 2205 2297 2264 Unum

215 2328 274 2364 20
301 2309 498 2374 petere
529 2318 597 2380 ac
628 2299 924 2376 deprecari
951 2323 961 2358 :
1009 2301 1056 2359 si
1083 2302 1228 2361 forte
1257 2321 1364 2378 pro
1393 2321 1499 2361 sua
1526 2303 1834 2362 clementia
1862 2321 1931 2360 ac
1962 2307 2291 2359 mansuetu·

301 2390 456 2463 dine,
487 2410 663 2467 quam
706 2393 815 2468 ipsi
857 2393 932 2452 ab
973 2394 1093 2452 aliis
1121 2395 1408 2467 audirent,
1439 2395 1746 2465 statuisset,
1778 2393 2116 2452 Aduatucos
2164 2407 2289 2448 esse

301 2482 748 2556 conservandOS,
777 2503 854 2542 ne
883 2503 944 2544 se
976 2485 1145 2544 armis
1174 2486 1541 2563 despoliaret.
1628 2484 1747 2546 Sibi
1774 2503 1979 2544 omnes
2008 2483 2124 2542 fere
2166 2481 2291 2538 fini-

299 2575 472 2635 timos
514 2594 638 2634 esse
688 2576 956 2636 inimicos
999 2597 1069 2636 ac
1117 2597 1254 2636 suae
1298 2580 1491 2637 virtuti
1535 2577 1833 2651 invidere3
1891 2595 1927 2635 a
1973 2575 2181 2651 quibus
2234 2590 2297 2630 se

43 2639 614 2726 &defendere
655 2669 878 2727 traditis
919 2671 1091 2729 armis
1133 2688 1254 2728 non
1294 2681 1553 2746 possent.
1640 2670 1757 2729 Sibi
1800 2679 2106 2744 praestare,
2140 2667 2186 2723 si
2232 2665 2291 2722 in

212 2779 271 2831 25
299 2777 433 2818 eum
476 2779 675 2819 casum
719 2761 1165 2837 deducerentur,
1209 2763 1471 2838 quamvis
1513 2763 1801 2820 fortunam
1839 2779 1874 2818 a
1910 2759 2129 2834 populo
2174 2757 2291 2814 Ro-

298 2871 474 2910 mano
515 2854 652 2929 pati,
694 2872 868 2928 quarn
911 2853 986 2912 ab
1028 2853 1114 2912 his
1156 2872 1260 2929 per
1301 2854 1621 2913 cruciatum
1664 2852 1925 2922 interfici,
1956 2852 2103 2908 inter
2145 2866 2294 2923 quos

298 2943 580 3002 dominari
604 2955 997 3004 consuessent.

375 3037 626 3094 XXXII.
671 3036 764 3094 Ad
787 3037 932 3094 haec
955 3038 1171 3096 Caesar
1189 3037 1492 3112 respondit
1517 3059 1527 3094 :
1566 3037 1637 3095 Se
1663 3035 1845 3110 magis
1866 3028 2290 3093 consuetudine

295 3145 400 3185 sua
441 3145 618 3204 quam
665 3129 872 3186 merito
918 3146 1118 3186 eorum
1165 3129 1454 3187 civitatem
1490 3136 1979 3196 conservaturum,
2024 3123 2069 3181 si
2116 3121 2291 3194 prius,

210 3230 271 3280 30
297 3237 472 3294 quarn
502 3237 730 3278 murum
771 3219 917 3276 aries
959 3219 1253 3294 attigisset,
1283 3238 1346 3277 se
1389 3218 1754 3278 dedidissent
1775 3237 1791 3290 3
1835 3215 1941 3274 sed
1980 3211 2291 3273 deditionis

295 3312 510 3370 nullam
541 3328 667 3368 esse
706 3308 1118 3368 'condicionem
1147 3309 1257 3368 nisi
1285 3309 1457 3368 armis
1486 3309 1726 3367 traditis,
1811 3308 1884 3366 Se
1914 3306 1994 3380 id,
2026 3304 2189 3380 quod
2231 3301 2290 3361 in

300 3403 524 3462 Nerviis
553 3402 802 3474 fecisset,
834 3401 1117 3459 facturum
1144 3401 1517 3477 finitimisque
1548 3403 1979 3476 imperaturum,
2010 3415 2085 3455 ne
2116 3415 2291 3470 quam

298 3493 585 3552 dediticiis
614 3493 818 3569 populi
848 3493 1099 3552 Romani
1128 3493 1392 3550 iniuriam
1422 3493 1715 3550 inferrent.
1802 3492 1893 3548 Re
1922 3489 2187 3547 nuntiata
2214 3485 2292 3544 ad

299 3605 451 3658 suOS,
483 3604 632 3661 quae
662 3586 1100 3660 imperarentur,
1131 3585 1320 3644 facere
1363 3585 1649 3643 dixerunt.
1737 3585 2039 3641 Armorum
2082 3596 2293 3654 magna

399 3660 664 3734 ‘titudine
695 3675 771 3734 de
800 3695 967 3734 muro
991 3677 1048 3733 in
1071 3677 1298 3746 fossam,
1323 3694 1473 3750 quae
1498 3685 1619 3733 erat
1647 3685 1779 3732 ante
1802 3671 2103 3747 oppidum,
2124 3672 2292 3740 iacta,

678 3767 1251 3955 Quum
1301 3767 1639 3840 aggerisque
1686 3762 2049 3822 altitudinem
2100 3759 2291 3819 acervi
