2796 4207
899 227 1044 279 LIB.
1089 228 1158 279 v.
1205 226 1376 280 CAP.
1421 225 1730 278 xv-xlx.
2242 206 2362 273 131

266 387 588 467 pabulandi
618 405 794 445 causa
823 396 936 445 tres
976 386 1235 462 legiones
1274 394 1451 460 atque
1494 401 1731 443 omnem
1775 383 2095 459 equitatum
2138 400 2274 443 curn

267 481 421 541 Gaio
448 478 747 537 Trebonio
790 478 982 553 legato
1025 477 1290 548 misisset,
1319 484 1562 551 repente
1591 492 1665 533 ex
1703 474 1975 533 omnibus
2016 474 2274 551 panibus

265 571 344 629 ad
384 569 754 647 pabulatores
794 568 1226 636 advolaverunt,
1256 567 1339 625 sle
1379 567 1465 625 uti
1502 566 1577 625 ab
1619 566 1794 642 signis
1831 565 2273 642 legionibusque

264 680 386 722 non
431 661 792 719 absisterent.
877 658 1074 717 Nostri
1112 658 1316 715 acriter
1345 658 1405 714 in
1434 674 1537 716 eos
1562 658 1785 733 impetu
1816 656 1969 715 facto
2003 656 2270 733 reppule-

261 761 399 811 runt
435 767 631 826 neque
669 750 848 808 finem
890 748 1177 825 sequendi
1215 749 1497 822 fecerunt,
1527 747 1725 823 quoad
1765 746 2026 807 subsidio
2067 748 2271 807 confisi
2302 770 2329 823 5

263 843 514 920 equiteS,
565 860 703 900 cum
751 850 886 917 post
934 857 997 899 se
1039 840 1301 914 legiones
1346 838 1629 911 viderent,
1680 839 2028 915 praecipites
2076 839 2273 899 hostes

261 944 525 1012 egerunt,
557 950 890 1009 magnoque
929 949 1132 992 eorum
1162 949 1410 990 numero
1439 930 1743 989 interfecto
1773 948 1966 1007 neque
1996 932 2083 989 sui
2112 931 2269 989 colli-

259 1025 443 1102 gendi
486 1042 679 1099 neque
722 1022 1080 1082 consistendi
1117 1032 1218 1081 aut
1245 1040 1320 1080 ex
1347 1020 1567 1081 essedis
1602 1021 1911 1080 desiliendi
1939 1021 2270 1083 facultatem

259 1116 574 1176 dederunt.
660 1116 752 1173 Ex
779 1114 890 1172 hac
918 1114 1054 1189 fuga
1079 1114 1360 1190 protinuS,
1385 1130 1537 1188 quae
1566 1111 1827 1189 undique
1856 1124 2269 1186 convenerant,

259 1208 476 1267 auxilia
517 1206 926 1278 discesserunt,
956 1222 1149 1281 neque
1179 1214 1313 1280 post
1340 1202 1405 1263 id
1434 1214 1666 1281 tempus
1708 1222 1987 1280 umquam
2031 1205 2271 1264 summis
2302 1231 2359 1268 ιο

258 1300 572 1359 nobiscum
603 1297 789 1373 copiis
818 1296 1014 1355 hostes
1043 1293 1492 1355 contenderunt.

342 1390 576 1448 XVIII.
619 1388 835 1447 Caesar
874 1386 1110 1463 cognito
1151 1386 1401 1446 consilio
1442 1404 1646 1446 eorum
1688 1386 1767 1444 ad
1804 1385 2021 1445 fiumen
2056 1386 2267 1445 Tame-

260 1481 372 1539 sim
401 1480 461 1538 in
493 1480 638 1538 fines
667 1478 1081 1537 Cassivellauni
1115 1477 1435 1535 exercitum
1465 1476 1630 1535 duxit
1651 1498 1670 1550 ;
1712 1475 1874 1553 quod
1904 1476 2119 1535 flumen
2148 1495 2269 1537 uno

260 1570 509 1630 omnino
550 1569 685 1627 loco
725 1567 995 1645 pedibuS,
1023 1577 1200 1645 atque
1239 1567 1354 1626 hoc
1391 1585 1584 1644 aegre,
1620 1568 1842 1627 transiri
1878 1575 2087 1642 potest.
2176 1568 2269 1628 Eo

260 1680 403 1721 cum
446 1661 716 1733 venisset,
761 1658 1020 1717 animum
1065 1658 1329 1732 advertit,
1376 1657 1458 1718 ad
1502 1658 1740 1718 alteram
1786 1657 2035 1717 fluminis
2083 1658 2267 1735 ripam
2300 1676 2317 1712 ι
2331 1675 2357 1728 5

261 1769 507 1829 magnas
549 1768 678 1809 esse
734 1750 935 1826 copias
989 1749 1241 1808 hostium
1297 1750 1619 1809 instructas.
1705 1749 1861 1826 Ripa
1903 1757 2101 1807 autem
2150 1760 2269 1809 erat

260 1846 450 1905 acutis
477 1842 718 1903 sudibus
746 1842 1013 1919 praefixis
1043 1843 1282 1916 munita,
1312 1842 1694 1919 eiusdemque
1722 1842 1951 1920 generis
1978 1843 2089 1903 sub
2116 1862 2271 1921 aqua

261 1936 492 1995 defixae
549 1932 725 1993 sudes
783 1933 1018 1993 flumine
1074 1933 1433 2011 tegebantur.
1538 1935 1652 1994 His
1705 1934 1878 1994 rebus
1932 1934 2180 2012 cognitis
2234 1954 2271 1994 a

261 2026 508 2105 captivis
563 2025 935 2103 perfugisque
991 2024 1211 2085 Caesar
1265 2025 1584 2101 praemisso
1640 2026 1897 2102 equitatu
1960 2026 2266 2087 confestim

261 2119 527 2196 legiones
567 2118 842 2194 subsequi
884 2118 1062 2176 iussit.
1145 2117 1263 2178 Sed
1300 2135 1372 2176 ea
1410 2118 1703 2178 celeritate
1736 2128 1912 2195 atque
1941 2137 2015 2178 eo
2045 2119 2265 2197 impetu
2296 2140 2357 2178 20

262 2211 476 2270 milites
518 2210 724 2281 ierunt,
755 2227 892 2267 cum
935 2209 1126 2285 capite
1168 2209 1294 2268 solo
1336 2227 1411 2268 ex
1452 2227 1608 2286 aqua
1640 2219 1948 2283 exstarent,
1980 2222 2041 2271 ut
2070 2211 2268 2272 hostes

261 2306 553 2382 impetum
618 2303 912 2379 legionum
968 2313 1142 2380 atque
1198 2304 1460 2380 equitum
1517 2303 1797 2363 sustinere
1854 2322 1973 2363 non
2028 2315 2269 2380 possem

260 2396 536 2473 ripasque
565 2393 922 2454 dimitterent
951 2415 1020 2454 ac
1049 2415 1112 2456 se
1140 2396 1308 2473 fugae
1337 2396 1703 2456 mandarent.

342 2487 511 2546 XIX.
555 2486 1034 2560 CassivellaunuS‚
1073 2498 1138 2546 ut
1177 2505 1350 2563 supra
1388 2487 1932 2560 demonstravimus,
1963 2489 2126 2547 omni
2162 2487 2263 2547 de-

260 2578 455 2654 posita
497 2595 604 2653 spe
641 2578 1053 2652 contentioniS,
1093 2578 1340 2638 dimissis
1380 2579 1757 2655 amplioribus
1799 2579 2002 2656 copiiS‚
2038 2579 2267 2638 milibus
2296 2587 2355 2641 25

262 2669 493 2728 circiter
529 2678 802 2744 quattuor
841 2669 1263 2729 essedariorum
1289 2671 1520 2743 relictiS,
1552 2671 1755 2730 itinera
1785 2680 1978 2730 nostra
2006 2670 2269 2730 servabat

261 2760 622 2837 paulumque
645 2778 716 2818 ex
738 2760 828 2818 via
855 2760 1180 2820 excedebat
1208 2761 1469 2838 locisque
1499 2761 1795 2838 impeditis
1823 2780 1892 2819 ac
1920 2761 2266 2821 silvestribus

262 2869 395 2910 sese
437 2851 769 2909 occultabat
806 2863 980 2927 atque
1019 2852 1085 2910 iis
1126 2853 1475 2930 regionibuS,
1507 2855 1719 2929 quibus
1747 2872 1856 2914 nos
1884 2855 1991 2912 iter
2017 2853 2266 2912 facturos

90 2984 99 2995 ,
263 2951 638 3018 cognoverat,
663 2960 875 3018 pecora
903 2954 1077 3020 atque
1099 2943 1366 3004 homines
1388 2964 1463 3003 ex
1491 2947 1639 3022 agris
1668 2946 1727 3004 in
1758 2947 1923 3005 silvas
1952 2945 2263 3022 compelle-

106 3008 382 3197 Q
401 3043 478 3105 et,
520 3053 658 3094 cum
701 3036 986 3110 equitatus
1028 3047 1226 3096 noster
1264 3038 1496 3097 liberius
1537 3038 1858 3116 praedandi
1888 3038 2267 3113 vastandique
2294 3055 2356 3106 30

377 3144 441 3184 sa
469 3143 532 3183 se
563 3125 622 3182 in
651 3143 818 3200 agros
847 3127 1112 3200 eiecerat,
1141 3129 1413 3188 omnibus
1443 3130 1547 3188 viis
1575 3130 1910 3206 semitisque
1946 3130 2267 3189 essedarios

263 3236 337 3276 ex
365 3199 520 3276 silvis
550 3217 850 3276 emittebat
871 3228 930 3276 et
952 3238 1164 3296 magno
1193 3239 1329 3280 cum
1358 3222 1619 3298 periculo
1648 3232 1973 3282 nostrorum
2004 3223 2264 3298 equitum

264 3327 400 3368 cum
429 3307 500 3368 iis
528 3308 880 3384 confflgebat
907 3321 1079 3387 atque
1121 3311 1235 3371 hoc
1278 3323 1439 3372 metu
1476 3314 1643 3372 latius
1672 3315 1863 3390 vagari
1904 3314 2266 3391 prohibebat.

267 3398 749 3474 Relinquebatur,
780 3408 843 3458 ut
869 3418 1060 3476 neque
1089 3402 1318 3479 longius
1346 3403 1422 3463 ab
1449 3403 1680 3480 agmine
1709 3405 2003 3481 legionum
2042 3404 2266 3464 discedi

265 3489 483 3549 Caesar
522 3497 832 3564 pateretur,
877 3500 935 3550 et
973 3501 1199 3552 tantum
1241 3494 1302 3552 in
1343 3495 1491 3570 agris
1532 3494 1823 3555 vastandis
1864 3494 2267 3573 incendiisque
2295 3498 2354 3552 35

265 3578 548 3638 faciendis
598 3578 860 3639 hostibus
909 3593 1233 3657 noceretur,
1277 3595 1561 3660 quantum
1609 3585 1805 3644 labore
1848 3597 2022 3661 atque
2063 3586 2266 3645 itinere

264 3670 564 3747 legionarii
593 3669 801 3728 milites
829 3671 1059 3732 efficere
1087 3684 1372 3750 poterant.
