2796 4207
779 239 924 293 LIB.
970 240 1107 293 Vll.
1154 240 1322 293 CAP.
1366 238 1818 292 LXIII-LXVI.
2229 222 2352 287 199

244 412 592 463 contentum
645 402 805 474 dicit,
849 419 1043 477 neque
1086 401 1376 461 fortunam
1427 410 1845 477 temptaturum
1887 411 1988 460 aut
2029 402 2089 461 in
2133 402 2260 461 acie

240 494 676 565 dimicaturum,
714 492 837 561 sed,
869 493 1147 567 quoniam
1192 491 1455 550 abundet
1497 492 1776 567 equitatu,
1815 492 2088 568 perfacile
2132 510 2260 552 esse

237 586 401 645 factu
414 583 963 643 frumentationibus
980 583 1567 659 pabulationibusque
1589 584 1894 642 Romanos
1909 582 2219 658 prohibere
2239 605 2256 657 ;

236 692 437 753 aequo
466 675 651 735 modo
672 674 869 733 animo
890 693 995 733 sua
1014 674 1127 750 ipsi
1148 674 1438 732 frumenta
1467 683 1843 750 corrumpant
1873 673 2258 751 aedificiaque

236 769 581 842 incendant,
626 787 743 845 qua
788 768 874 828 rei
924 768 1211 828 familiaris
1264 768 1484 826 iactura
1539 777 1890 844 perpetuum
1946 769 2256 845 imperium
2287 786 2313 835 5

234 862 685 937 libertatemque
740 878 803 919 se
854 859 1139 936 consequi
1188 856 1444 918 videant.
1530 859 1645 918 His
1702 860 2030 920 constitutis
2082 860 2256 923 rebus

233 952 463 1011 Aeduis
512 952 971 1028 Segusiavisque,
1022 951 1122 1026 qui
1171 960 1306 1010 sunt
1354 950 1585 1009 finitimi
1641 952 1994 1027 provinciae,
2043 950 2255 1010 decem

234 1043 400 1102 milia
425 1043 694 1119 peditum
722 1044 1007 1119 imperat,
1051 1043 1167 1101 huc
1198 1042 1363 1101 addit
1392 1042 1620 1118 equites
1664 1043 2049 1118 octingentos
2139 1043 2253 1101 His

230 1134 505 1210 praeficit
532 1134 763 1193 fratrem
795 1133 1212 1211 Eporedorigis
1248 1134 1585 1210 bellumque
1625 1134 1818 1192 inferri
1847 1133 2254 1208 Allobrogibus

233 1226 422 1285 iubet.
505 1225 702 1283 Altera
730 1244 803 1284 ex
830 1236 992 1302 parte
1024 1226 1281 1285 Gabalos
1310 1220 1730 1301 proximosque
1762 1243 1944 1300 pagos
1973 1227 2253 1284 Arverno·
2285 1245 2343 1281 10

230 1334 371 1374 rum
392 1316 453 1375 in
477 1316 742 1389 HelviOS,
764 1316 904 1376 item
930 1318 1196 1376 Rutenos
1219 1316 1644 1391 Cadurcosque
1672 1314 1749 1373 ad
1771 1316 1916 1375 fines
1939 1316 2253 1375 Volcarum

232 1407 723 1467 Arecomicorum
765 1406 1215 1484 depopulandos
1259 1409 1451 1467 mittit.
1539 1406 1738 1465 Nihilo
1782 1407 1974 1465 minus
2014 1406 2248 1465 clande-

233 1500 405 1560 stinis
454 1501 671 1561 nuntiis
719 1500 1221 1577 legationibusque
1272 1501 1614 1576 Allobrogas
1665 1500 1950 1571 sollicitat,
2002 1517 2252 1574 quorum

232 1600 469 1651 mentes
495 1590 1189 1667 nondumab'superiore
1224 1592 1378 1651 bello
1417 1590 1702 1649 resedisse
1745 1590 2031 1666 sperabat.
2120 1592 2246 1649 Ho-

231 1701 371 1741 rum
425 1684 785 1759 principibus
842 1682 1140 1759 pecunias,
1193 1682 1412 1741 civitati
1461 1692 1656 1740 autem
1709 1680 2017 1756 imperium
2076 1681 2250 1740 totius
2284 1707 2339 1759 ¹5

232 1772 575 1850 provinciae
618 1774 941 1850 pollicetur.

322 1864 502 1923 LXV.
547 1864 641 1923 Ad
673 1865 779 1924 hos
807 1882 1016 1924 omnes
1044 1882 1212 1923 casus
1240 1864 1474 1941 provisa
1507 1873 1670 1921 erant
1710 1862 2000 1940 praesidia
2039 1864 2246 1922 cohor·

232 1955 387 2014 tium
438 1954 683 2014 duarum
729 1966 787 2014 et
830 1954 1050 2031 viginti,
1100 1972 1252 2029 quae
1296 1972 1371 2013 ex
1417 1956 1546 2030 ipsa
1593 1954 1893 2031 provincia
1940 1955 2015 2012 ab
2065 1954 2249 2013 Lucio

236 2046 493 2108 Caesare
523 2046 717 2123 legato
746 2045 821 2105 ad
850 2064 1059 2106 omnes
1102 2055 1295 2122 partes
1340 2046 1812 2122 opponebantur.
1897 2044 2097 2103 Helvii
2146 2064 2250 2103 sua

234 2147 452 2214 sponte
510 2157 644 2196 eum
692 2138 949 2197 finitimis
1004 2138 1229 2214 proelio
1286 2138 1587 2214 congressi
1641 2138 1932 2214 pelluntur
1987 2146 2047 2195 et
2096 2137 2248 2196 Gaio
2279 2167 2338 2202 20

234 2228 472 2287 Valerio
514 2231 918 2302 Donnotaur0‚
948 2229 1166 2289 Caburi
1204 2228 1341 2301 filio,
1372 2230 1639 2305 principe
1684 2229 1944 2298 civitatis,
1979 2229 2243 2305 complu-

233 2319 514 2395 ribusque
544 2320 665 2379 aliis
692 2320 1007 2378 interfectis
1034 2320 1184 2378 intra
1218 2320 1444 2396 oppida
1471 2339 1542 2379 ac
1571 2339 1766 2379 muros
1800 2321 2245 2396 compelluntur.

236 2410 582 2486 Allobroges
610 2410 827 2469 crebris
855 2410 933 2468 ad
962 2410 1323 2470 Rhodanum
1354 2411 1650 2487 dispositis
1692 2410 1995 2488 praesidiis
2037 2429 2249 2487 magna

235 2518 379 2559 cum
435 2519 573 2559 cura
622 2510 682 2559 et
730 2500 1030 2578 diligentia
1078 2515 1215 2561 suos
1264 2501 1412 2560 fines
1470 2512 1718 2560 tuentur.
1804 2503 2037 2575 Caesar,
2084 2500 2248 2578 quod

235 2592 439 2650 hostes
494 2591 752 2668 equitatu
815 2593 1141 2668 superiores
1196 2611 1323 2652 esse
1380 2593 1755 2670 intellegebat
1809 2603 1870 2652 et
1923 2593 2246 2652 interclusis
2275 2630 2302 2665 2
2310 2629 2335 2681 5

233 2682 511 2741 omnibus
552 2683 847 2742 itineribus
888 2683 1045 2741 nulla
1076 2701 1137 2742 re
1181 2701 1257 2743 ex
1292 2683 1596 2759 provincia
1636 2694 1812 2760 atque
1850 2683 2015 2742 Italia
2055 2683 2244 2743 suble-

231 2772 357 2833 vari
384 2782 629 2850 poterat,
659 2783 813 2832 trans
843 2775 1119 2833 Rhenum
1148 2775 1211 2833 in
1240 2775 1618 2835 Germaniam
1659 2775 1834 2834 mittit
1868 2774 1945 2833 ad
1981 2794 2078 2834 eas
2107 2775 2243 2834 civi·

232 2875 405 2938 tateS,
448 2883 591 2940 quas
633 2865 1023 2940 superioribus
1068 2867 1235 2925 annis
1281 2877 1611 2943 pacaverat,
1655 2867 1999 2942 equitesque
2041 2867 2117 2926 ab
2160 2866 2246 2925 his

233 2955 476 3015 arcessit
524 2964 585 3014 et
630 2955 769 3014 levis
818 2967 1139 3016 armaturae
1187 2957 1438 3034 pedites,
1487 2958 1586 3033 qui
1636 2958 1786 3016 inter
1832 2976 1937 3016 eos
1978 2957 2246 3034 proeliari

233 3054 603 3105 consuerant.
690 3046 910 3104 Eorum
943 3045 1217 3120 adventu,
1250 3048 1415 3124 quod
1447 3049 1638 3106 minus
1667 3046 1897 3106 idoneis
1927 3048 2092 3123 equis
2121 3056 2244 3106 ute·
2273 3077 2334 3126 30

232 3139 464 3208 bantur,
492 3154 529 3194 a
555 3135 796 3194 tribunis
840 3137 1086 3196 militum
1130 3139 1483 3214 reliquisque
1527 3139 1817 3214 equitibus
1848 3138 2132 3196 Romanis
2162 3147 2243 3196 at·

231 3244 350 3303 que
382 3226 639 3285 evocatis
668 3244 855 3302 equos
883 3229 1057 3287 sumit
1086 3230 1514 3305 Germanisque
1545 3229 1850 3289 distribuit.

220 3359 227 3364 -
317 3317 526 3376 LXVI.
575 3316 824 3392 Interea,
874 3318 1018 3377 dum
1068 3318 1215 3378 haec
1264 3330 1557 3396 geruntur,
1609 3321 1865 3380 hostium
1914 3319 2122 3396 copiae
2172 3337 2246 3378 ex

232 3407 504 3467 Arvernis
546 3407 910 3485 equitesque,
957 3410 1058 3486 qui
1098 3410 1205 3469 toti
1242 3411 1465 3470 Galliae
1509 3420 1674 3469 erant
1713 3411 1998 3487 imperati,
2029 3427 2242 3470 conve·

230 3499 420 3559 niunt.
506 3502 731 3576 Magno
761 3500 968 3560 horum
997 3511 1207 3561 coacto
1235 3520 1501 3574 numero,
1525 3520 1661 3560 cum
1693 3502 1910 3562 Caesar
1937 3503 1999 3560 in
2027 3502 2242 3576 Sequa·
2271 3541 2332 3594 35

231 3609 343 3651 nos
385 3609 493 3668 per
532 3602 825 3651 extremos
872 3592 1203 3668 Lingonum
1245 3593 1392 3652 fines
1437 3594 1546 3652 iter
1586 3593 1816 3666 faceret,
1861 3611 1980 3668 quo
2025 3591 2244 3651 facilius

230 3682 558 3745 subsidium
586 3684 920 3760 provinciae
948 3685 1080 3743 ferri
1109 3694 1325 3760 posset,
1356 3685 1586 3743 circiter
1626 3684 1784 3744 milia
1823 3691 2102 3760 passuum
2141 3681 2241 3742 de-

231 3793 365 3834 cem
393 3776 472 3834 ab
502 3775 789 3833 Romanis
816 3775 977 3834 trinis
1006 3775 1204 3834 castris
1231 3775 1672 3849 Vercingetorix
1713 3773 1984 3834 consedit
2024 3792 2240 3833 convo-

2749 3987 2751 4003 ..
2741 3927 2751 3977 ιιι
2746 3827 2748 3830 v
