2796 4207
447 187 528 252 86
1095 202 1202 254 DE
1257 200 1511 253 BELLO
1566 198 1913 253 GALLICO

535 378 732 422 cessus
785 359 1041 419 hostiurn
1096 358 1471 435 impediebat.
1585 357 1699 416 His
1754 355 2189 415 difficultatibus
2242 352 2395 413 duae
2450 371 2548 414 res

536 460 698 511 erant
723 449 1001 523 subsidi0,
1031 449 1274 510 scientia
1299 458 1475 523 atque
1506 466 1642 507 usus
1671 447 1935 519 militum,
1966 444 2127 521 quod
2155 444 2549 520 superioribus

535 541 766 617 proeliis
801 542 1116 613 exercitati,
1147 540 1290 617 quid
1319 540 1443 599 fieri
1480 536 1794 615 oporteret,
1830 556 1953 596 non
1994 533 2185 594 minus
2227 533 2545 592 commode

537 633 646 708 ipsi
688 632 796 691 sibi
835 632 1226 709 praescribere
1269 649 1449 707 quam
1477 632 1552 690 ab
1579 630 1702 689 aliis
1731 629 1933 688 doceri
1974 636 2263 702 poterant,
2293 633 2352 681 et
2382 623 2551 698 quod

485 736 510 787 5
537 725 612 783 ab
653 742 834 799 opere
876 724 1227 799 singulisque
1272 722 1597 798 legionibus
1640 720 1895 797 singulos
1935 719 2157 794 legatos
2187 716 2401 775 Caesar
2430 714 2549 773 dis-

537 812 750 875 cedere
784 814 894 872 nisi
935 813 1170 872 munitis
1209 813 1408 871 castris
1436 821 1713 870 vetuerat.
1799 811 1885 869 Hi
1926 818 2165 885 propter
2206 806 2545 906 propinqui-

539 914 718 963 tatem
767 914 827 963 et
873 904 1227 963 celeritatem
1271 903 1527 961 hostium
1572 901 1716 959 nihil
1762 902 1877 959 iam
1927 898 2191 957 Caesaris
2238 896 2548 971 imperium

541 994 974 1069 exspectabant,
1004 993 1110 1053 sed
1138 1012 1244 1070 per
1271 1012 1352 1065 se,
1383 1010 1534 1095 quae
1564 992 1923 1061 videbantur,
1947 987 2549 1092 administrabat&

619 1086 783 1143 XXI.
828 1085 1044 1144 Caesar
1091 1084 1430 1143 necessariis
1477 1084 1651 1142 rebus
1697 1081 1989 1158 imperatis
2032 1079 2108 1137 ad
2150 1080 2553 1141 cohortandos

459 1197 516 1233 10
542 1176 769 1247 milites,
803 1192 981 1250 quam
1023 1175 1083 1233 in
1125 1186 1349 1250 partem
1400 1174 1515 1233 sors
1557 1173 1781 1245 obtulit,
1812 1170 2141 1229 decucurrit
2169 1181 2228 1228 et
2260 1170 2337 1229 ad
2373 1172 2552 1248 legio-

542 1284 682 1325 nem
723 1264 1016 1325 decimam
1059 1265 1312 1324 devenit.
1420 1264 1637 1323 Milites
1678 1281 1801 1322 non
1841 1262 2101 1338 longiore
2144 1262 2405 1321 orati0ne
2448 1282 2551 1321 co-

543 1357 821 1430 hortatuS,
845 1374 1022 1432 quam
1050 1356 1133 1413 uti
1162 1373 1300 1415 suae
1330 1355 1603 1432 pristinae
1624 1354 1845 1413 virtutis
1873 1352 2216 1411 memoriam
2237 1354 2557 1415 retinerent

543 1466 661 1506 neu
687 1448 1156 1523 perturbarentur
1183 1447 1400 1518 anim0,
1430 1445 1802 1521 hostiumque
1844 1444 2128 1520 impetum
2171 1445 2389 1503 fortiter
2424 1463 2554 1503 sus-

543 1540 809 1611 tinerent,
837 1537 1002 1614 quod
1043 1556 1166 1597 non
1205 1538 1433 1614 longius
1476 1536 1671 1595 hostes
1714 1536 1969 1607 aberant,
1998 1550 2177 1610 quam
2213 1552 2333 1610 quo
2369 1536 2556 1594 telum

463 1643 518 1696 15
544 1628 701 1706 adigi
747 1613 980 1705 possen}
1010 1628 1215 1705 proelii
1259 1625 1666 1687 committendi
1715 1627 1942 1702 signum
1988 1625 2167 1684 dedit.
2252 1628 2445 1701 Atque
2490 1626 2555 1684 in

545 1721 784 1780 alteram
811 1732 1037 1797 partem
1065 1721 1206 1778 item
1236 1717 1583 1778 cohortandi
1611 1736 1787 1777 causa
1823 1718 2117 1793 profectus
2158 1718 2555 1793 pugnantibus

546 1812 812 1872 occurrit.
921 1811 1234 1887 Temporis
1287 1820 1451 1889 tanta
1503 1810 1609 1868 fuit
1666 1809 1943 1885 exiguitas
2001 1808 2371 1885 hostiumque
2428 1819 2554 1894 tam

545 1912 778 1979 paratus
823 1902 901 1961 ad
943 1899 1344 1960 dimicandum
1389 1900 1635 1972 animuS,
1681 1909 1747 1958 ut
1774 1903 1910 1957 'non
1954 1898 2135 1957 modo
2184 1896 2259 1957 ad
2305 1877 2556 1975 insignia

478 2024 485 2029 -
546 1991 1072 2079 accommodanda,
1123 1991 1264 2050 sed
1278 1991 1453 2050 etiam
1503 1989 1580 2048 ad
1627 1990 1930 2092 galeas
1873 1989 2200 2049 induendas
2255 1990 2554 2066 scutisque

461 2109 522 2146 20
546 2084 881 2162 tegimenta
905 2080 1274 2142 detrudenda
1311 2083 1551 2167 tempus
1601 2065 1930 2141 deffient.
1950 2080 2145 2185 Quam
2187 2078 2457 2158 quisque:
2478 2082 2556 2140 ab

547 2194 725 2252 opere
753 2163 814 2234 ιιι
840 2185 1066 2250 partem
1092 2172 1232 2232 casu
1262 2172 1500 2232 devenit
1526 2169 1794 2248 quaeqde
1823 2174 2011 2276 prima
2036 2174 2207 2249 signa
2224 2173 2553 2261 conspexit,

547 2267 624 2326 ad
672 2267 819 2332 haec
869 2265 1156 2358 constitit,
1183 2235 1258 2323 ιιὲ
1302 2265 1363 2322 in
1406 2261 1755 2378 quaerendis
1804 2265 1921 2325 suis
1931 2261 2269 2341 pugnandi
2304 2274 2555 2341 tempus

547 2357 882 2420 dimitteret.

625 2449 823 2508 XXII.
868 2449 1161 2511 Instructo
1190 2443 1468 2519 exercitu,
1498 2445 1680 2520 magis
1709 2454 1773 2503 ut
1797 2445 1913 2504 loci
1941 2455 2143 2504 natura
2170 2447 2555 2524 deiectusque

462 2555 522 2608 25
548 2539 710 2600 collis
739 2549 798 2599 et
823 2538 1136 2597 necessitas
1165 2537 1464 2614 temporis,
1494 2554 1671 2612 quarn
1700 2545 1764 2594 ut
1790 2535 1873 2593 rei
1901 2536 2154 2595 militaris
2190 2537 2334 2596 ratio
2374 2548 2553 2614 atque

547 2630 696 2689 ordo
737 2629 1082 2706 postulabat,
1126 2646 1262 2686 cum
1305 2627 1543 2687 diversis
1584 2627 1908 2702 legionibus
1950 2628 2093 2686 aliae
2134 2628 2247 2686 alia
2286 2629 2346 2686 in
2388 2641 2553 2705 parte

547 2721 809 2780 hostibus
847 2721 1196 2792 resisterent,
1225 2719 1580 2794 sepibusque
1622 2716 1995 2790 densissimiS,
2037 2728 2099 2776 ut
2131 2728 2266 2778 ante
2309 2719 2555 2780 demon-

547 2814 864 2884 stravimus,
921 2810 1234 2869 interiectis
1289 2821 1636 2885 prospectus
1674 2809 2090 2886 ·impediretur,
2142 2819 2337 2886 neque
2360 2811 2377 2836 ⁴
2396 2823 2556 2872 certa

547 2902 802 2963 subsidia
849 2902 1120 2960 collocari
1147 2915 1376 2976 neque,
1420 2899 1564 2976 quid
1606 2901 1675 2958 in·
1708 2917 1940 2976 quaque
1982 2911 2143 2976 parte
2186 2919 2336 2978 opus
2379 2881 2552 2974 esset,

459 3018 521 3068 30
545 2993 853 3069 provideri,
882 3010 1074 3068 neque
1104 2992 1179 3049 ab
1207 3009 1326 3049 uno
1357 2991 1557 3050 omnia
1583 2991 1829 3068 imperia
1856 2991 2235 3051 administrari
2261 3002 2551 3068 poterant.

548 3086 754 3187 Itaque
801 3084 862 3142 in
909 3094 1069 3142 tanta
1115 3101 1310 3142 rerum
1358 3082 1660 3159 iniquitate
1709 3083 1972 3144 fortunae
2020 3101 2258 3160 quoque
2307 3097 2553 3153 eventus

544 3176 685 3235 varii
709 3176 1117 3250 sequebantur.
1668 3192 1681 3202 ⁵
1809 3195 1831 3206 -
2274 3221 2299 3232 ι

624 3259 857 3324 XXIII.
902 3265 1172 3340 Legionis
1214 3238 1408 3324 nonae
1452 3276 1511 3324 et
1551 3225 1819 3325 decimae
1860 3266 2086 3338 militeS‚
2120 3277 2185 3326 ut
2224 3268 2286 3326 in
2326 3266 2567 3326 sinistra

545 3353 707 3433 parte
749 3357 874 3417 acie
917 3355 1312 3428 constiterant,
1351 3357 1481 3432 pilis
1522 3357 1743 3432 emissis
1785 3359 1956 3416 cursii
1985 3375 2054 3416 ac
2082 3358 2421 3444 lassitudine
2452 3376 2549 3416 ex—

458 3482 519 3534 35
545 3448 830 3506 animatos
856 3447 1304 3524 vulneribusque
1333 3449 1637 3508 confectos
1664 3433 1969 3508 Atrebates
2006 3447 2173 3526 (nam
2202 3448 2290 3506 his
2319 3467 2393 3506 ea
2420 3466 2553 3525 pars

545 3538 890 3616 obvenerat)
923 3538 1186 3598 celeriter
1213 3557 1288 3598 ex
1314 3538 1450 3598 loco
1479 3539 1773 3614 superiore
1803 3539 1880 3597 irs
1892 3537 2107 3597 flumen
2140 3540 2602 3615 compulerunt
2611 3604 2623 3609 ,

545 3639 606 3687 et
630 3630 868 3690 transire
907 3641 1189 3692 conantes
1229 3631 1476 3690 insecuti
1520 3629 1723 3706 gladiis
1763 3648 2037 3707 magnam
2078 3639 2304 3706 partem
2345 3648 2551 3690 eorum

545 3719 887 3797 impeditam
939 3721 1365 3780 interfecerunt.
1460 3722 1581 3797 Ipsi
1636 3721 1871 3781 transire
1928 3721 2147 3780 flumen
2200 3738 2323 3796 non
2380 3719 2551 3780 dubi·
