2796 4207
437 174 520 239 74
1077 192 1187 245 DE
1241 190 1497 245 BELLo
1552 188 1895 243 GALL1co

443 410 454 429 ,
523 352 718 411 locum
768 352 947 411 venit.
1037 351 1288 410 Primam
1336 361 1395 408 et
1444 348 1767 408 secundam
1820 347 2007 405 aciem
2058 347 2119 405 in
2166 346 2339 405 armis
2386 363 2537 416 esse,

525 442 751 502 tertiam
808 452 997 501 castra
1050 442 1274 501 munire
1322 440 1506 499 iussit.
1592 439 1714 497 Hic
1756 438 1920 497 locus
1968 438 2044 496 ab
2093 436 2262 495 hoste
2309 435 2543 494 circiter

487 542 496 573 ³
524 551 728 609 passus
769 542 1097 605 sexcentOS,
1128 533 1213 591 uti
1253 531 1479 590 dictum
1508 538 1617 603 est,
1644 528 1859 588 aberat.
1947 530 2039 587 Eo
2080 526 2312 585 circiter
2350 524 2539 585 homi-

525 642 666 691 num
721 642 970 684 numero
1026 622 1288 682 sedecim
1343 622 1501 680 milia
1550 619 1827 696 expedita
1874 636 2011 677 cum
2060 617 2222 676 omni
2276 616 2543 692 equitatu

472 725 497 775 5
525 718 842 777 Ariovistus
888 718 1061 789 misit,
1105 734 1258 793 quae
1302 716 1512 792 copiae
1555 724 1783 773 nostros
1825 720 2211 788 perterrerent
2249 719 2310 769 et
2351 709 2544 768 muni-

527 809 685 867 tione
713 807 1108 883 prohiberent.
1182 806 1383 866 Nihilo
1414 806 1604 865 secius
1632 806 1865 876 Caesar,
1887 812 1953 861 ut
1978 811 2115 861 ante
2143 800 2544 868 constituerat,

527 898 676 956 duas
713 899 870 957 acies
909 898 1138 957 hostem
1182 897 1539 973 propulsare,
1577 896 1803 954 tertiam
1846 911 1996 969 opus
2037 891 2318 968 perficere
2363 890 2546 949 iussit.

529 989 772 1047 Munitis
801 990 1000 1047 castris
1021 988 1167 1047 duas
1197 989 1276 1048 ibi
1305 989 1565 1065 legiones
1594 985 1824 1061 reliquit
1842 993 1904 1043 et
1922 992 2149 1061 partem
2176 982 2547 1053 auxiliorum,

529 1090 804 1156 quattuor
832 1080 1079 1155 reliquas
1107 1080 1169 1139 in
1195 1090 1384 1141 castra
1413 1079 1633 1139 maiora
1660 1076 1908 1137 reduxit.

540 1282 654 1336 The
679 1282 961 1336 German-5
983 1298 1083 1335 are
1105 1281 1316 1353 afraid
1337 1287 1394 1336 to
1411 1280 1570 1353 figat
1590 1279 1771 1351 before
1795 1277 1886 1334 tlte
1903 1276 2045 1349 full
2076 1292 2255 1331 moon·
2340 1275 2555 1328 Caesar

1133 1365 1325 1434 forces
1349 1378 1423 1417 on
1447 1379 1525 1415 an
1550 1366 1923 1434 engagement.

448 1510 505 1546 10
612 1489 680 1547 L.
725 1488 998 1547 Proximo
1055 1487 1152 1547 die
1209 1488 1471 1547 instituto
1528 1504 1635 1545 suo
1685 1486 1903 1545 Caesar
1952 1502 1985 1543 e
2035 1481 2234 1541 castris
2290 1480 2554 1557 utrisque

531 1578 732 1654 copias
761 1597 893 1637 suas
923 1578 1125 1637 eduxit
1163 1579 1521 1655 paulumque
1549 1596 1586 1636 a
1612 1577 1925 1636 maioribus
1970 1574 2169 1634 castris
2210 1590 2555 1649 progressus

531 1670 721 1728 aciem
759 1669 1042 1741 instruxit,
1073 1668 1336 1727 hostibus
1370 1667 1671 1744 pugnandi
1699 1676 2051 1745 potestatem
2081 1664 2237 1723 fecit.
2322 1662 2446 1723 Ubi
2472 1680 2555 1721 ne

531 1772 656 1820 tum
685 1760 928 1836 quidem
962 1778 1066 1819 eos
1105 1759 1340 1835 prodire
1374 1760 1670 1832 intellexit,
1712 1759 1939 1818 circiter
1979 1756 2286 1816 meridiem
2328 1756 2552 1814 exerci-

532 1862 658 1910 tum
678 1852 737 1910 in
761 1862 946 1911 castra
974 1850 1219 1910 reduxit.
1287 1850 1445 1909 Tum
1465 1850 1706 1909 demum
1728 1849 2047 1908 Ariovistus
2067 1858 2295 1924 partem
2317 1864 2556 1906 suarum

451 1969 471 2005 ι
482 1968 510 2021 5
535 1926 853 2018 copiarum,
904 1960 1056 2018 quae
1112 1951 1300 2000 castra
1353 1941 1579 1999 minora
1632 1950 2018 2017 oppugnaret,
2069 1940 2239 1999 misit.
2324 1938 2558 1997 Acriter

534 2033 823 2109 utrimque
869 2052 1054 2110 usque
1099 2032 1178 2091 ad
1224 2050 1531 2109 vesperum
1581 2042 1905 2108 pugnatum
1955 2040 2060 2091 est.
2144 2030 2291 2091 Solis
2334 2046 2555 2088 occasu

535 2143 668 2184 suas
709 2127 910 2200 copias
947 2125 1266 2184 Ariovistus
1308 2124 1503 2183 multis
1545 2132 1605 2182 et
1641 2124 1806 2182 illatis
1836 2133 1894 2182 et
1924 2121 2184 2199 acceptis
2218 2121 2557 2181 vulneribus

537 2216 599 2274 in
625 2225 812 2274 castra
839 2215 1086 2274 reduxit.
1169 2216 1324 2275 Cum
1353 2233 1429 2274 ex
1470 2214 1710 2290 captivis
1752 2225 2057 2290 quaereret
2085 2214 2320 2285 Caesar,
2350 2230 2555 2288 quam-

537 2306 742 2365 obrem
798 2307 1115 2364 Ariovistus
1169 2306 1393 2382 proelio
1448 2323 1573 2364 non
1626 2304 1967 2377 decertaret,
2027 2306 2181 2362 hanc
2224 2303 2556 2380 reperiebat

451 2415 514 2452 κο
539 2415 794 2468 causam,
825 2396 988 2472 quod
1029 2395 1191 2472 apud
1233 2397 1561 2456 Germanos
1604 2414 1675 2455 ea
1711 2394 2081 2455 consuetudo
2126 2405 2295 2467 esset,
2325 2404 2393 2454 ut
2429 2413 2552 2454 ma·

539 2486 904 2546 tressamiliae
959 2504 1164 2545 eorum
1209 2487 1459 2545 sortibus
1508 2497 1566 2545 et
1613 2487 2119 2546 vaticinationibus
2168 2485 2551 2557 declararent,

540 2587 730 2636 utrum
759 2577 1044 2653 proelium
1074 2576 1363 2636 committi
1393 2595 1467 2636 ex
1493 2596 1602 2636 usu
1632 2587 1786 2636 esset
1813 2595 2005 2636 necne
2027 2597 2045 2650 3
2089 2595 2187 2636 eas
2210 2577 2291 2634 ita
2312 2576 2511 2634 dicere
2538 2597 2549 2634 z

539 2686 662 2726 non
689 2685 815 2727 esse
838 2669 922 2726 sa's
946 2669 1275 2728 Germanos
1303 2685 1593 2744 superare,
1616 2667 1664 2726 si
1691 2677 1827 2726 ante
1856 2685 2068 2726 novam
2098 2668 2298 2726 lunam
2326 2666 2553 2742 proelio

540 2759 1001 2819 contendissent.

454 2875 513 2926 25
623 2852 721 2910 LI.
771 2851 1055 2911 Postridie
1085 2852 1208 2910 eius
1238 2850 1357 2910 diei
1385 2851 1603 2911 Caesar
1634 2849 1987 2926 praesidium
2030 2851 2287 2926 utrisque
2330 2851 2552 2922 castriS,

541 2942 702 3018 quod
733 2943 867 3001 satis
897 2961 1023 3002 esse
1051 2944 1239 3001 visum
1268 2953 1375 3015 est,
1406 2943 1654 3018 reliquit,
1684 2942 1875 3000 omnis
1902 2941 2108 3001 alarios
2136 2942 2197 3001 in
2222 2953 2554 3018 conspectu

542 3033 794 3091 hostium
824 3051 931 3108 pro
967 3034 1165 3092 castris
1207 3033 1526 3092 minoribus
1568 3032 1883 3104 constituit,
1919 3031 2083 3107 quod
2125 3032 2316 3091 minus
2358 3031 2550 3092 multi-

540 3123 758 3182 tudine·
785 3123 1032 3182 militum
1081 3123 1527 3198 legionariorum
1568 3141 1676 3198 pro
1717 3123 1972 3182 hostium
2014 3139 2259 3180 numero
2298 3121 2551 3194 valebat,

542 3224 606 3272 ut
647 3213 726 3272 ad
773 3214 1031 3289 speciem
1081 3213 1266 3271 alariis
1315 3222 1612 3285 uteretur;
1669 3213 1793 3288 ipse
1836 3212 2043 3288 triplici
2094 3211 2375 3270 instructa
2422 3212 2552 3271 acie

452 3334 516 3385 30
541 3323 726 3380 usque
759 3304 836 3362 ad
871 3313 1056 3362 castra
1098 3303 1352 3362 hostium
1393 3303 1656 3361 accessit.
1737 3302 1892 3361 Tum
1933 3301 2175 3361 demum
2216 3301 2553 3360 necessario

543 3396 822 3456 Germani
871 3413 1003 3453 suas
1052 3395 1254 3469 copias
1298 3394 1499 3452 castris
1548 3391 1873 3451 eduxerunt
1918 3393 2357 3469 generatimque
2407 3410 2552 3452 con-

541 3489 848 3548 stituerunt
903 3485 1137 3561 paribus
1193 3484 1517 3556 intervalliS,
1576 3482 1871 3558 Harudes,
1931 3485 2365 3556 Marcomanos
2422 3484 2549 3543 Tri-

540 3580 739 3652 boces,
787 3577 1144 3652 Vangiones,
1198 3575 1496 3644 NemeteS,
1553 3572 1842 3644 SedusiOS,
1896 3575 2138 3648 SuebOS,
2186 3593 2553 3650 omnemque

471 3736 478 3740 ⁵
540 3669 734 3728 aciem
777 3685 942 3726 suam
985 3665 1139 3723 redis
1181 3674 1240 3722 et
1279 3665 1451 3722 carris
1493 3663 2022 3736 circumdederunt,
2051 3682 2126 3723 ne
2155 3683 2275 3741 qua
2314 3683 2451 3742 spes
2487 3666 2552 3725 in

459 3776 515 3828 35
543 3760 679 3834 fuga
709 3757 1145 3831 relinqueretur.
1231 3753 1321 3810 Eo
1359 3753 1625 3812 mulieres
1659 3754 2077 3829 imposuerunt,
2106 3773 2259 3832 quae
2288 3756 2350 3816 in
2378 3773 2550 3831 proe-
