2796 4207
817 259 966 314 ΜΒ.
1014 259 1116 314 1v.
1163 259 1333 313 CAP.
1377 258 1758 312 xv-xv111.
2213 242 2336 306 113

229 426 475 503 possint.
565 417 818 482 Navium
868 440 1141 499 magnam
1191 422 1427 497 copiam
1468 422 1545 480 ad
1587 359 2616 519 transportandumN

233 518 478 577 ercitum
509 511 948 591 pollicebantur.

309 608 508 667 XVII.
555 607 773 666 Caesar
799 605 888 664 his
916 603 992 663 de
1021 604 1228 676 causiS,
1274 622 1417 679 quas
1460 604 1935 678 commemoravi,
1968 602 2245 662 Rhenum

229 700 469 759 transire
513 696 891 769 decreverat;
933 695 1039 754 sed
1080 696 1322 754 navibus
1364 695 1603 753 transire
1646 712 1838 770 neque
1879 694 2015 753 satis
2054 703 2244 753 tutum

229 809 359 851 esse
388 788 784 859 arbitrabatur,
815 804 1008 862 neque
1038 804 1175 845 suae
1205 803 1400 861 neque
1429 785 1632 861 populi
1661 786 1916 845 Romani
1947 786 2243 861 dignitatis
2274 807 2300 859 5

229 900 359 942 esse
389 881 699 939 statuebat.
784 880 1010 954 Itaque,
1035 880 1142 936 etsi
1172 896 1401 936 summa
1429 876 1735 936 difficultas
1762 876 2013 935 faciendi
2045 878 2242 953 pontis

228 973 672 1050 proponebatur
699 981 936 1047 propter
955 970 1339 1043 latitudinem,
1363 968 1731 1046 rapiditatem
1753 968 2239 1044 altitudinemque

230 1066 500 1136 fluminiS,
532 1074 725 1122 tamen
761 1063 825 1122 id
864 1064 972 1123 sibi
1015 1062 1498 1123 contendendum
1542 1071 1640 1119 aut
1682 1062 1843 1119 aliter
1885 1078 2005 1119 non
2048 1060 2241 1119 tradu-

229 1156 491 1215 cendum
535 1156 853 1213 exercitum
897 1155 1277 1214 existimabat.
1364 1152 1678 1212 Rationem
1721 1152 1917 1227 pontis
1960 1152 2111 1209 hanc
2155 1153 2240 1211 in-

231 1248 430 1308 stituit.
514 1247 705 1322 Tigna
743 1247 882 1304 bina
923 1245 1350 1321 sesquipedalia
1391 1245 1631 1321 paulum
1665 1244 1741 1301 ab
1780 1244 1901 1301 imo
1930 1254 2243 1319 praeacuta
2276 1271 2333 1307 10

232 1340 504 1399 dimensa
545 1337 622 1395 ad
667 1336 1031 1396 altitudinem
1077 1337 1326 1395 fluminis
1377 1335 1675 1394 intervallo
1723 1333 1945 1410 pedum
1992 1333 2241 1393 duorum

232 1432 382 1489 inter
419 1448 482 1489 se
527 1429 820 1504 iungebat.
908 1430 1081 1487 Haec
1123 1447 1258 1487 cum
1308 1427 1837 1486 machinationibus
1882 1426 2141 1484 immissa
2184 1427 2245 1484 in

234 1523 456 1580 flumen
511 1519 791 1579 defixerat
836 1520 1171 1595 fistucisque
1228 1518 1522 1595 adegerat,
1570 1536 1692 1577 non
1748 1518 2004 1576 sublicae
2062 1516 2245 1577 modo

234 1612 456 1671 directe
499 1610 576 1669 ad
619 1610 1124 1687 perpendiculum,
1155 1610 1266 1670 sed
1304 1628 1491 1686 prone
1531 1628 1602 1667 ac
1630 1609 1913 1685 fastigate,
1943 1618 2007 1667 ut
2034 1626 2242 1668 secun-

236 1704 381 1762 dum
424 1712 688 1776 naturam
731 1702 981 1760 fluminis
1023 1702 1494 1777 procumberent,
1525 1701 1613 1759 his
1642 1702 1781 1759 item
1810 1701 2097 1759 contraria
2123 1702 2245 1760 duo
2276 1719 2295 1754 1
2306 1716 2332 1770 5

235 1794 312 1853 ad
360 1793 619 1853 eundem
664 1794 910 1851 modum
959 1794 1157 1851 iuncta
1200 1792 1498 1851 intervallo
1540 1789 1762 1868 pedum
1808 1791 2246 1869 quadragenum

234 1887 309 1945 ab
350 1885 618 1943 inferiore
662 1893 825 1959 parte
867 1893 1070 1941 contra
1110 1884 1226 1941 vim
1270 1893 1446 1958 atque
1485 1884 1769 1959 impetum
1812 1882 2062 1941 fluminis
2104 1902 2246 1941 con-

236 1994 402 2035 versa
444 1958 777 2125 Statuff
837 1976 1010 2033 Haec
1049 1985 1292 2050 utraque
1327 1975 1563 2049 insuper
1594 1972 1961 2049 bipedalibus
1990 1974 2245 2034 trabibus

236 2067 526 2140 immissis,
571 2085 611 2142 q
730 2075 854 2126 tum
897 2083 1100 2126 eorum
1141 2066 1434 2142 tignorum
1475 2066 1743 2124 iunctura
1785 2064 2051 2139 distabat,
2095 2066 2246 2126 binis

236 2160 527 2235 utrimque
558 2159 747 2218 fibulis
775 2158 851 2218 ab
879 2168 1138 2217 extrema
1179 2168 1340 2235 parte
1383 2156 1846 2233 distinebantur3
1889 2160 2100 2235 quibus
2128 2159 2243 2218 dis·
2274 2185 2334 2221 20

236 2253 408 2310 clusis
437 2262 614 2327 atque
644 2252 703 2309 in
733 2252 1078 2311 contrariam
1119 2261 1345 2326 partem
1386 2251 1658 2311 revinctis
1695 2261 1855 2311 tanta
1890 2263 2011 2312 erat
2052 2253 2243 2330 operis

237 2343 534 2401 firmitudo
576 2353 750 2419 atque
789 2361 860 2402 ea
897 2361 1090 2402 rerum
1130 2354 1350 2416 natura,
1380 2354 1463 2416 ut,
1493 2361 1613 2420 quo
1643 2345 1828 2402 maior
1852 2345 1937 2403 vis
1965 2363 2151 2420 aquae
2180 2363 2243 2402 se

238 2435 607 2505 incitavisset,
665 2434 780 2492 hoc
835 2435 1010 2493 artius
1067 2434 1280 2510 illigata
1333 2445 1685 2493 tenerentur.
1795 2437 1967 2494 Haec
2025 2435 2245 2494 directa

238 2527 476 2584 materia
518 2526 730 2583 iniecta
772 2525 1237 2585 contexebantur
1269 2544 1338 2583 ac
1374 2526 1648 2602 longuriis
1692 2527 2057 2603 cratibusque
2100 2544 2241 2584 con-

237 2618 677 2688 sternebantur3
721 2635 790 2674 ac
819 2617 1000 2675 nihilo
1043 2617 1232 2674 secius
1270 2617 1526 2675 sublicae
1558 2627 1617 2676 et
1645 2615 1723 2676 ad
1751 2618 2081 2676 inferiorem
2113 2636 2240 2693 par·
2272 2631 2332 2685 25

237 2718 355 2766 tem
386 2708 638 2766 fluminis
665 2706 901 2782 oblique
931 2708 1266 2782 agebantur,
1297 2725 1449 2782 quae
1489 2725 1595 2782 pro
1633 2707 1810 2766 ariete
1850 2708 2145 2767 subiectae
2185 2719 2245 2766 et

237 2818 371 2857 cum
400 2800 563 2858 omni
600 2816 780 2874 opere
819 2799 1168 2856 coniunctae
1198 2799 1314 2855 vim
1345 2797 1596 2856 fluminis
1626 2798 1979 2874 exciperent,
2011 2809 2070 2858 et
2097 2799 2241 2858 aliae

237 2891 370 2950 item
402 2909 577 2966 supra
603 2899 846 2966 pontem
877 2887 1163 2947 mediocri
1193 2889 1398 2964 spatiO,
1431 2899 1511 2960 ut,
1535 2889 1582 2946 si
1610 2889 1881 2948 arborum
1908 2892 2097 2949 trunci
2124 2892 2242 2950 sive

236 3000 409 3041 naves
439 2979 736 3040 deiciendi
777 2981 970 3056 operis
1020 2990 1214 3038 essent
1255 2998 1290 3037 a
1331 2979 1587 3038 barbaris
1632 2980 1858 3053 missae,
1910 2980 1997 3040 his
2039 2981 2241 3040 defen-

236 3074 458 3132 soribus
488 3090 684 3130 earum
715 3089 906 3129 rerum
937 3072 1019 3128 vis
1047 3071 1419 3143 minueretur,
1451 3088 1566 3128 neu
1594 3072 1762 3146 ponti
1789 3083 2091 3132 nocerent.
2270 3093 2332 3143 30

313 3161 554 3220 XVIII.
601 3161 825 3219 Diebus
858 3160 1088 3232 decem,
1124 3161 1334 3236 quibus
1377 3161 1619 3218 materia
1659 3173 1872 3238 coepta
1912 3173 2036 3222 erat
2077 3182 2239 3222 com-

236 3254 466 3328 portari,
498 3253 663 3312 omni
701 3269 882 3327 opere
923 3251 1154 3324 effecto,
1187 3250 1473 3310 exercitus
1504 3251 1835 3312 traducitur.
1922 3254 2139 3313 Caesar
2166 3254 2242 3313 ad

237 3353 541 3420 utramque
604 3353 830 3418 partem
895 3343 1091 3418 pontis
1147 3343 1315 3400 firmo
1370 3342 1665 3419 praesidio
1720 3344 1923 3404 relicto
1980 3346 2040 3404 in
2095 3347 2241 3404 fines

237 3429 687 3511 Sugambrorum
730 3433 1056 3493 contendit.
1141 3434 1385 3492 Interim
1413 3453 1449 3492 a
1482 3434 1875 3510 compluribus
1918 3437 2243 3497 civitatibus

237 3525 312 3584 ad
333 3545 472 3584 eum
499 3526 672 3601 legati
696 3525 935 3584 veniunt
955 3546 972 3597 3
1017 3525 1226 3600 quibus
1254 3543 1465 3600 pacem
1495 3535 1670 3602 atque
1700 3527 2013 3585 amicitiam
2042 3538 2240 3603 peten-
2268 3538 2328 3592 35

231 3620 386 3679 tibus
441 3619 753 3679 liberaliter
805 3617 1108 3694 respondit
1162 3619 1517 3694 obsidesque
1567 3619 1644 3677 ad
1689 3637 1751 3678 se
1799 3618 2014 3679 adduci
2060 3621 2239 3681 iubet.

237 3712 538 3788 Sugambri
569 3729 642 3770 ex
671 3729 744 3769 eo
774 3720 1056 3787 tempore,
1087 3728 1206 3785 quo
1235 3729 1384 3786 pons
1428 3711 1643 3769 institui
1686 3721 1933 3786 coeptus
1972 3723 2076 3785 est,
2107 3713 2241 3788 fuga

234 3811 577 3878 comparata
603 3799 963 3860 hortantibus
997 3801 1080 3872 iis,
1107 3818 1254 3875 quos
1284 3819 1357 3860 ex
1376 3801 1680 3859 Tencteris
1702 3811 1877 3876 atque
1901 3803 2239 3877 Usipetibus

1253 3923 1286 3978 8
