2796 4207
886 245 1033 299 LIB.
1077 244 1221 299 vn.
1264 244 1438 299 CAP.
1481 244 1740 298 x-xlv.
2240 232 2366 297 175

256 430 393 472 rum
434 410 735 488 angustiae
776 407 1161 468 multitudinis
1196 408 1391 484 fugam
1423 407 1882 467 intercluserant.
1967 409 2274 487 Oppidum

258 502 464 580 diripit
511 512 688 578 atque
737 499 1016 572 incendit,
1062 498 1342 576 praedam
1390 498 1667 558 militibus
1708 498 1908 568 donat,
1951 500 2273 563 exercitum

260 596 537 671 Ligerem
566 593 820 652 traducit
844 602 1022 667 atque
1050 592 1111 649 in
1139 590 1462 665 Biturigum
1491 590 1638 649 fines
1665 590 1948 666 pervenit.

342 686 483 745 XII.
529 683 987 761 Vercingetorix,
1043 682 1146 741 ubi
1201 680 1277 739 de
1334 680 1602 741 Caesaris
1660 680 1916 740 adventu
1977 684 2268 759 cognovit,

256 778 707 854 oppugnatione
774 775 993 834 destitit
1047 784 1224 849 atque
1280 772 1515 833 obviam
1570 773 1808 832 Caesari
1869 774 2268 849 proficiscitur.
2301 787 2331 843 5

260 870 371 928 Ille
406 868 693 946 oppidum
722 869 1043 943 Biturigum
1081 865 1341 941 positum
1366 864 1430 922 in
1456 864 1549 922 via
1578 863 2001 925 Noviodunum
2042 882 2269 943 oppug-

258 977 405 1018 nare
432 960 772 1018 instituerat.
844 958 983 1033 Quo
1012 975 1087 1015 ex
1112 954 1339 1031 oppido
1364 972 1504 1013 cum
1525 954 1696 1030 legati
1718 954 1797 1014 ad
1818 973 1954 1014 eum
1976 957 2272 1017 venissent

258 1064 510 1125 oratum,
539 1064 603 1112 ut
630 1054 739 1113 sibi
768 1054 1096 1129 ignosceret
1124 1066 1379 1125 suaeque
1409 1049 1559 1121 vitae
1599 1049 1946 1122 consuleret,
1976 1059 2042 1109 ut
2069 1050 2268 1109 celeri·

258 1154 381 1205 tate
430 1146 677 1221 reliquas
717 1162 809 1205 res
858 1143 1191 1215 conficeret,
1235 1160 1352 1218 qua
1396 1142 1673 1219 pleraque
1724 1153 1846 1201 erat
1893 1154 2265 1214 consecutuS,

258 1255 425 1295 arma
452 1237 717 1309 conferri,
747 1254 934 1312 equos
962 1233 1227 1310 produci,
1256 1232 1494 1293 obsides
1522 1232 1648 1291 dari
1681 1233 1858 1292 iubet.
1931 1235 2111 1293 Parte
2151 1234 2266 1293 iam
2301 1261 2362 1299 10

257 1328 535 1387 obsidum
564 1326 791 1399 tradita,
822 1345 961 1385 cum
988 1326 1209 1402 reliqua
1246 1324 1800 1399 administrarentur,
1830 1325 2268 1385 centurionibus

259 1429 320 1478 et
350 1420 553 1496 paucis
581 1419 856 1478 militibus
884 1417 1242 1489 intromissis,
1272 1416 1373 1492 qui
1407 1434 1568 1475 arma
1603 1416 1980 1491 iumentaque
2023 1416 2267 1493 conqui-

258 1519 472 1579 rerent,
500 1512 789 1585 equitatus
819 1509 1073 1568 hostium
1100 1508 1305 1584 procul
1330 1507 1486 1567 visus
1513 1515 1620 1579 est,
1651 1507 1753 1582 qui
1785 1523 1998 1583 agmen
2025 1507 2266 1565 Vercin—

256 1601 534 1677 getorigis
554 1609 961 1659 antecesserat.
1033 1599 1229 1673 Quem
1258 1595 1606 1675 simulatque
1634 1597 1917 1675 oppidani
1945 1616 2264 1675 conspexe-

258 1700 396 1750 runt
435 1701 609 1767 atque
652 1691 714 1749 in
754 1709 923 1767 spem
964 1690 1159 1749 auxilii
1197 1699 1498 1761 venerunt,
1543 1689 1798 1748 clamore
1839 1690 2067 1749 sublato
2108 1707 2270 1749 arma
2299 1718 2359 1772 15

258 1799 491 1858 capere,
514 1791 710 1857 portas
733 1780 1023 1854 claudere,
1046 1799 1277 1840 murum
1306 1780 1604 1857 complere
1632 1790 1973 1857 coeperunt.
2045 1783 2266 1841 Centu-

256 1874 456 1932 riones
482 1874 544 1932 in
572 1872 816 1950 oppid0‚
839 1890 1080 1931 cumex
1106 1872 1528 1949 significatione
1553 1872 1852 1933 Gallorum
1882 1874 2020 1933 novi
2047 1870 2269 1949 aliquid

255 1963 336 2023 ab
363 1964 433 2023 iis
460 1964 588 2022 iniri
615 1964 841 2023 consilii
870 1963 1301 2037 intellexissent,
1324 1962 1530 2039 gladiis
1559 1962 1849 2024 destrictis
1871 1974 2068 2042 portas
2089 1980 2266 2022 occu-

256 2065 545 2133 paverunt
572 2072 827 2132 suosque
855 2073 1063 2115 omnes
1091 2054 1416 2115 incolumes
1443 2066 1806 2132 receperunt.

338 2148 515 2207 ΧΙΙΙ.
559 2148 777 2208 Caesar
816 2165 890 2206 ex
931 2147 1133 2206 castris
1173 2147 1496 2223 equitatum
1539 2147 1714 2207 educi
1755 2149 1936 2221 iubet,
1977 2147 2266 2226 proelium
2293 2163 2358 2202 20

254 2249 528 2314 equestre
570 2239 883 2298 committit
904 2259 922 2312 3
964 2238 1355 2297 laborantibus
1390 2238 1506 2298 iam
1537 2240 1653 2299 suis
1683 2241 2011 2301 Germanos
2039 2239 2266 2316 equites

254 2329 489 2387 circiter
516 2346 663 2389 cccc
692 2330 992 2402 submittit,
1022 2347 1173 2404 quos
1206 2329 1281 2388 ab
1320 2329 1488 2388 initio
1530 2330 1745 2391 habere
1789 2349 1990 2390 secum
2034 2330 2258 2390 institu-

255 2429 399 2479 erat.
471 2421 691 2480 Eorum
721 2421 1005 2496 impetum
1028 2420 1181 2481 Galli
1208 2421 1489 2480 sustinere
1513 2440 1634 2481 non
1655 2432 1972 2498 potuerunt
1999 2432 2174 2498 atque
2203 2420 2265 2479 in

254 2511 455 2587 fugam
471 2511 726 2570 coniecti
747 2512 940 2570 multis
962 2512 1184 2571 amissis
1202 2529 1265 2570 se
1282 2511 1361 2571 ad
1377 2531 1593 2589 agmen
1613 2523 1975 2590 receperunt.
2036 2514 2266 2589 Quibus

256 2601 571 2677 profligatis
599 2621 790 2661 rursus
824 2601 1107 2678 oppidani
1144 2603 1429 2678 perterriti
1471 2604 1928 2680 comprehensos
1970 2622 2092 2678 eos,
2124 2623 2266 2681 quo·
2290 2619 2323 2660 2
2327 2621 2356 2676 5

254 2713 384 2752 rum
435 2713 617 2770 opera
662 2696 897 2771 plebem
946 2696 1299 2755 concitatam
1349 2697 1777 2770 existimabant,
1824 2697 1902 2758 ad
1950 2698 2264 2758 Caesarem

254 2785 656 2861 perduxerunt
682 2804 928 2862 seseque
958 2787 1013 2845 ei
1042 2786 1414 2847 dediderunt.
1500 2789 1728 2865 Quibus
1769 2790 1942 2849 rebus
1981 2791 2264 2850 confectis

256 2876 476 2935 Caesar
516 2876 592 2936 ad
633 2877 921 2954 oppidum
965 2879 1291 2952 Avaricum,
1336 2879 1502 2957 quod
1543 2890 1667 2940 erat
1707 2881 2024 2940 maximum
2073 2881 2261 2940 muni-

254 2967 658 3043 tissimumque
688 2969 748 3026 in
774 2969 987 3029 finibus
1017 2971 1338 3047 Biturigum
1368 2982 1545 3049 atque
1581 2973 1700 3049 agri
1736 2972 2076 3032 fertilissima
2116 2972 2260 3049 regi·

255 3075 390 3130 one,
421 3059 715 3134 profectus
754 3069 860 3132 est,
894 3060 1060 3135 quod
1103 3081 1177 3121 eo
1221 3062 1447 3139 oppido
1489 3073 1730 3139 recepto
1774 3063 2065 3122 civitatem
2104 3063 2261 3122 Bitu·
2291 3083 2355 3136 30

252 3148 443 3224 rigum
472 3167 533 3207 se
562 3150 623 3207 in
650 3160 1005 3226 potestatem
1033 3152 1406 3212 redacturum
1436 3154 1790 3214 confidebat.

334 3239 498 3298 XIV.
539 3240 983 3318 Vercingetorix
1032 3253 1120 3303 tot
1167 3245 1460 3304 continuis
1508 3244 1900 3304 incommodis
1948 3244 2258 3304 Vellauno-

254 3327 418 3401 duni,
443 3330 687 3404 Cenabi,
714 3333 1054 3394 Novioduni
1079 3335 1337 3412 acceptis
1360 3354 1496 3394 suos
1519 3335 1596 3394 ad
1618 3335 1930 3394 concilium
1955 3344 2260 3394 convocat.

258 3422 472 3493 Docet,
501 3421 675 3499 longe
706 3424 816 3483 alia
843 3425 1067 3485 ratione
1095 3445 1221 3485 esse
1260 3426 1480 3486 bellum
1517 3425 1857 3502 gerendum,
1887 3436 2062 3502 atque
2091 3435 2264 3484 antea

253 3523 485 3589 gestum
525 3514 617 3573 sit.
702 3516 996 3576 Omnibus
1029 3517 1221 3575 modis
1250 3517 1386 3575 huic
1415 3517 1498 3575 rei
1526 3517 1900 3588 studendum,
1932 3525 1997 3574 ut
2022 3516 2259 3592 pabula·
2289 3542 2351 3597 35

254 3606 415 3666 tione
458 3615 520 3667 et
569 3618 903 3666 commeatu
956 3607 1210 3666 Romani
1259 3608 1692 3684 prohibeantur.
1777 3607 1852 3667 Id
1896 3626 2024 3666 esse
2073 3607 2259 3679 facile,

254 3698 419 3774 quod
460 3700 727 3777 equitatu
770 3698 879 3774 ipsi
921 3696 1219 3756 abundent
1260 3706 1320 3756 et
1360 3697 1524 3773 quod
1571 3698 1708 3757 anni
1757 3707 2020 3774 tempore
2071 3698 2258 3757 suble·

254 3802 476 3852 ventur.
566 3789 851 3849 Pabulum
906 3787 1087 3845 secari
1142 3805 1262 3846 non
1318 3805 1528 3862 posse,
1583 3788 1912 3846 necessario
1968 3787 2261 3864 dispersos
