2796 4207
804 237 948 291 ΜΒ.
988 238 1093 290 v1.
1141 237 1309 289 cAP.
1350 232 1742 287 xm-xvn.
2189 219 2312 285 157

200 420 320 477 que
360 402 447 459 fas
482 419 609 459 esse
653 400 983 459 existimant
1023 417 1096 457 ea
1136 398 1335 455 litteris
1377 395 1673 470 mandare,
1715 413 1850 455 cum
1886 396 1947 454 in
1987 396 2218 472 reliquis

199 494 323 551 fere
383 491 576 563 rebuS,
634 490 880 567 publicis
936 490 1285 565 privatisque
1342 486 1676 559 rationibuS,
1727 488 1968 546 Graecis
2023 487 2221 545 litteris

198 572 462 642 utantur.
548 581 623 640 Id
655 582 796 640 mihi
826 580 1050 639 duabus
1080 579 1155 637 de
1187 579 1373 636 causis
1404 578 1712 635 instituisse
1741 578 2026 649 videntur,
2059 578 2222 652 quod

196 692 403 751 neque
448 676 509 734 in
549 674 786 749 vulgum
838 671 1207 747 disciplinam
1258 669 1442 728 efferri
1486 669 1663 726 velint
1711 685 1903 742 neque
1955 687 2076 740 eOS,
2120 670 2221 743 qui

196 764 461 839 discunt,
491 766 690 824 litteris
720 764 974 822 confisos
1004 763 1195 820 minus
1235 760 1554 819 memoriae
1593 757 1826 817 studere
1847 779 1864 830 3
1909 758 2071 833 quod
2102 760 2219 818 fere
2251 777 2278 830 5

195 858 497 933 plerisque
534 856 764 928 accidit,
795 866 859 913 ut
890 853 1183 929 praesidio
1225 853 1540 911 litterarum
1584 850 1944 925 diligentiam
1985 851 2043 908 in
2087 868 2216 926 per·

195 947 496 1008 discendo
526 968 595 1006 ac
626 948 965 1006 memoriam
996 946 1308 1003 remittant.
1396 942 1690 1017 Imprimis
1719 941 1834 999 hoc
1864 942 2065 999 volunt
2093 960 2220 1018 per·

196 1039 472 1111 suadere,
502 1058 625 1098 non
654 1040 882 1097 interire
912 1037 1152 1109 animaS,
1185 1033 1293 1093 sed
1320 1034 1395 1092 ab
1425 1034 1547 1091 aliis
1576 1042 1711 1109 post
1744 1042 1994 1090 mortem
2035 1042 2214 1091 trans-

196 1129 277 1188 ire
307 1129 392 1187 ad
421 1130 583 1201 alios,
614 1138 789 1205 atque
828 1130 944 1187 hoc
984 1127 1234 1185 maxime
1277 1125 1353 1183 ad
1396 1124 1665 1181 virtutem
1711 1124 1947 1181 excitari
1989 1135 2214 1198 putant,

197 1231 361 1279 metu
407 1222 609 1279 mortis
653 1221 939 1297 neglecto.
1026 1218 1213 1276 Multa
1253 1226 1554 1292 praeterea
1594 1213 1668 1271 de
1714 1212 1997 1273 sideribus
2039 1224 2215 1291 atque
2248 1237 2306 1273 10

197 1330 407 1370 eorum
452 1322 635 1384 motu,
671 1311 747 1371 de
783 1310 990 1370 mundi
1032 1329 1103 1369 ac
1144 1320 1424 1368 terrarum
1469 1304 1887 1381 magnitudine,
1918 1304 1995 1365 de
2024 1324 2216 1365 rerum

199 1414 424 1476 natura,
466 1403 543 1461 de
586 1404 832 1462 deorum
873 1402 1284 1461 immortalium
1314 1399 1369 1457 vi
1398 1416 1470 1456 ac
1498 1406 1788 1472 potestate
1825 1396 2125 1472 disputant
2159 1409 2216 1457 et

197 1494 483 1553 iuventuti
515 1494 765 1553 tradunt.

279 1586 411 1643 XV.
456 1586 718 1644 Alterum
752 1604 935 1661 genus
969 1595 1056 1644 est
1091 1584 1369 1660 equitum.
1455 1584 1560 1659 Hi,
1591 1602 1726 1642 cum
1758 1593 1846 1643 est
1875 1602 2009 1643 usus
2038 1595 2212 1659 atque

198 1676 443 1753 aliquod
484 1677 701 1735 bellum
750 1677 955 1735 incidit
1000 1675 1190 1753 (quod
1234 1677 1352 1735 fere
1403 1685 1538 1733 ante
1589 1675 1852 1734 Caesaris
1895 1674 2212 1734 adventum
2245 1692 2302 1745 15

201 1768 517 1841 quotannis
546 1766 812 1825 accidere
841 1768 1084 1841 solebat,
1115 1768 1195 1825 uti
1234 1777 1334 1825 aut
1375 1768 1484 1842 ipsi
1527 1766 1760 1825 iniurias
1801 1767 2074 1825 inferrent
2116 1778 2216 1826 aut

201 1858 381 1917 illatas
424 1856 877 1935 propulsarent),
908 1876 1116 1917 omnes
1149 1859 1209 1915 in
1248 1858 1402 1916 bello
1442 1868 1757 1929 versantur,
1789 1868 1965 1933 atque
2010 1876 2212 1917 eorum

200 1958 264 2005 ut
310 1950 563 2025 quisque
609 1958 697 2007 est
740 1967 953 2024 genere
1003 1949 1305 2024 copiisque
1356 1948 1762 2024 amplissimus,
1810 1949 1888 2006 ita
1931 1948 2212 2024 plurimos

202 2038 419 2097 circum
451 2058 517 2099 se
547 2039 847 2098 ambactos
875 2040 1232 2116 clientesque
1273 2039 1462 2097 habet.
1557 2040 1734 2097 Hanc
1764 2057 1938 2097 unam
1968 2042 2208 2117 gratiam

199 2132 643 2206 potentiamque
673 2141 977 2190 noverunt.
2239 2156 2301 2192 20

277 2223 388 2279 XV
392 2224 441 2280 Ι.
493 2223 669 2282 Natio
702 2232 789 2281 est
818 2223 1080 2280 omnium
1111 2222 1411 2282 Gallorum
1442 2221 1765 2280 admodum
1795 2221 1998 2282 dedita
2024 2225 2207 2300 religi-

200 2312 427 2385 onibu8,
476 2323 653 2388 atque
695 2313 775 2372 ob
817 2331 949 2370 eam
992 2331 1245 2380 causam,
1292 2314 1391 2387 qui
1434 2323 1569 2371 sunt
1617 2313 1808 2371 affecti
1856 2316 2210 2390 gravioribus

201 2403 417 2462 morbis
476 2405 697 2479 quique
746 2405 806 2462 in
855 2405 1087 2480 proeliis
1142 2403 1530 2480 periculisque
1581 2415 1895 2477 versantur,
1947 2416 2048 2464 aut
2101 2425 2210 2482 pro

198 2493 443 2553 victimis
498 2495 766 2553 homines
814 2494 1119 2553 immolant
1159 2504 1258 2552 aut
1298 2513 1359 2552 se
1407 2496 1806 2555 immolaturos
1850 2510 2065 2557 vovent
2108 2499 2208 2557 ad-

201 2585 593 2661 ministrisque
621 2586 698 2644 ad
728 2604 798 2644 ea
824 2586 1104 2645 sacrificia
1132 2585 1434 2643 druidibus
1464 2596 1719 2659 utuntur,
1746 2589 1928 2664 quod,
1959 2609 2066 2666 pro
2097 2592 2212 2651 vita
2237 2612 2299 2665 25

202 2673 449 2736 hominis
481 2678 591 2736 nisi
620 2677 869 2736 hominis
898 2678 1013 2735 vita
1040 2677 1331 2747 reddatur,
1357 2696 1478 2735 non
1500 2697 1674 2754 posse
1705 2681 1948 2741 deorum
1980 2686 2209 2743 immor-

204 2767 395 2827 talium
424 2789 648 2828 numen
676 2771 888 2846 placari
918 2771 1276 2842 arbitrantur,
1306 2771 1658 2847 publiceque
1690 2775 1952 2833 eiusdem
1982 2779 2209 2852 generis

204 2855 415 2918 habent
458 2862 721 2920 instituta
763 2861 1062 2920 sacrificia.
1147 2861 1258 2919 Alii
1299 2862 1539 2921 immani
1589 2871 1987 2945 magnitudine
2031 2873 2206 2930 simu-

204 2946 353 3006 lacra
371 2951 607 3024 habent,
628 2971 877 3028 quorum
899 2962 1173 3010 contexta
1190 2954 1499 3015 viminibus
1523 2963 1784 3020 membra
1801 2963 1941 3021 vivis
1965 2963 2208 3022 homini-

204 3036 307 3095 bus
335 3043 639 3118 complent
662 3064 677 3115 ;
720 3043 930 3117 quibus
974 3045 1269 3102 succensis
1313 3048 1690 3110 circumventi
1735 3053 1967 3111 flamma
2010 3056 2204 3112 exani·
2234 3070 2297 3120 30

206 3138 428 3189 mantur
469 3134 757 3193 homines.
842 3134 1137 3209 Supplicia
1172 3154 1391 3209 eorum,
1423 3142 1523 3215 qui
1553 3143 1611 3199 in
1641 3143 1790 3202 furto
1821 3156 1919 3203 aut
1948 3147 2006 3204 in
2036 3146 2203 3204 latro-

204 3217 354 3278 cinio
376 3233 475 3281 aut
497 3224 691 3299 aliqua
710 3243 867 3282 noxa
886 3225 1000 3283 sint
1024 3232 1452 3307 comprehensi,
1477 3239 1724 3314 gratiora
1752 3239 1842 3297 dis
1871 3239 2204 3296 immortali-

204 3307 309 3367 bus
355 3329 482 3372 esse
533 3316 914 3390 arbitrantur;
973 3323 1078 3381 sed
1123 3345 1260 3384 cum
1306 3330 1428 3387 eius
1470 3332 1698 3405 generis
1750 3332 1920 3405 copia
1971 3329 2204 3398 defecit,

204 3399 372 3460 etiam
414 3404 494 3465 ad
535 3407 937 3472 innocentium
982 3419 1266 3493 supplicia
1308 3419 1692 3480 descendunt.

280 3492 471 3554 XVII.
518 3499 715 3560 Deum
775 3508 1024 3565 maxime
1083 3511 1441 3569 Mercurium
1498 3513 1714 3571 colunt
1823 3516 2016 3572 Huius
2073 3524 2208 3574 sunt
2231 3527 2294 3580 35

204 3579 443 3651 plurima
479 3590 801 3668 simulacra,
839 3598 993 3656 hunc
1037 3601 1299 3658 omnium
1343 3603 1705 3662 inventorem
1750 3606 1954 3663 artium
1997 3605 2203 3676 ferunt,

206 3666 356 3730 hunc
383 3679 604 3742 viarum
632 3694 808 3762 atque
845 3689 1112 3748 itinerum
1154 3691 1386 3764 ducem,
1420 3694 1575 3751 hunc
1605 3694 1680 3752 ad
1713 3706 1986 3770 quaestus
2025 3715 2202 3773 pecu-

206 3759 330 3822 niae
360 3786 831 3853 mercaturasque
862 3779 1075 3839 habere
1104 3783 1221 3840 vim
1264 3785 1576 3842 maximam
1620 3786 1978 3845 arbitrantur.
2066 3789 2204 3846 Post
