2796 4207
449 220 573 284 102
1035 189 1046 199 ’
1079 236 1188 289 DE
1241 236 1499 289 BELLo
1552 235 1899 289 GALLlco

535 426 740 467 omnes
769 426 832 467 se
861 408 1054 467 statim
1080 407 1304 467 Titurio
1335 406 1706 466 dediderunt.
1794 408 1949 465 Nam
1978 416 2043 466 ut
2069 406 2146 465 ad
2178 408 2329 466 bella
2357 408 2540 467 susci-

534 498 755 575 pienda
781 499 1081 559 Gallorum
1123 499 1318 557 alacer
1357 517 1427 557 ac
1468 508 1775 574 promptus
1818 507 1908 556 est
1948 498 2194 571 animus,
2224 498 2308 557 sic
2351 499 2542 557 mollis

534 608 606 649 ac
647 590 889 650 minime
931 590 1200 651 resistens
1229 589 1306 649 ad
1347 590 1707 649 calamitates
1736 589 2110 666 perferendas
2140 608 2307 649 mens
2337 608 2543 649 eorum

536 690 638 741 est.

717 799 976 865 Crassus,
1005 800 1263 871 entering
1280 799 1626 869 Aquitania,
1654 816 1924 869 conquers
1949 798 2041 853 tlte
2064 799 2366 854 Sontt'atcs.

1333 882 1388 935 T
1375 878 1446 935 lte
1471 880 1747 935 Soldurii.

483 1010 507 1061 5
614 989 741 1047 XX.
787 987 1020 1047 Eodem
1062 990 1181 1048 fere
1225 998 1491 1065 tempore
1536 988 1771 1047 Publius
1808 988 2067 1061 Crassus,
2097 1007 2234 1047 curn
2267 989 2328 1047 in
2366 989 2549 1064 Aqui-

534 1080 752 1138 taniam
780 1081 1156 1155 pervenisset,
1181 1098 1333 1155 quae
1361 1099 1512 1156 parS,
1536 1090 1599 1138 ut
1619 1089 1753 1138 ante
1778 1078 2002 1138 dictum
2032 1090 2139 1152 est,
2163 1090 2220 1138 et
2241 1080 2549 1155 regionum

534 1168 836 1228 latitudine
868 1180 926 1229 et
955 1170 1322 1229 multitudine
1354 1170 1659 1229 hominum
1689 1189 1762 1229 ex
1793 1170 1961 1229 tertia
2002 1183 2164 1246 parte
2196 1170 2416 1230 Galliae
2455 1182 2545 1230 est

537 1259 936 1333 existimanda,
967 1279 1101 1319 cum
1132 1261 1507 1337 intellegeret,
1538 1261 1597 1319 in
1636 1262 1718 1320 eis
1751 1262 1897 1321 locis
1935 1261 2043 1320 sibi
2085 1261 2300 1320 bellum
2341 1280 2547 1336 geren-

536 1349 698 1424 dum,
754 1352 854 1410 ubi
909 1352 1110 1427 paucis
1165 1363 1300 1411 ante
1357 1354 1522 1411 annis
1574 1354 1788 1412 Lucius
1836 1348 2097 1411 Valerius
2156 1352 2550 1411 Praeconinus

453 1456 511 1493 10
536 1441 754 1516 legatus
800 1442 1055 1500 exercitu
1103 1443 1272 1518 pulso
1319 1442 1652 1501 interfectus
1699 1452 1869 1515 esset,
1912 1454 2087 1518 atque
2130 1442 2288 1501 unde
2334 1442 2550 1501 Lucius

538 1532 769 1590 Mallius
832 1534 1147 1608 proconsul
1212 1533 1645 1609 impedimentis
1709 1534 1933 1592 amissis
1995 1534 2357 1609 profugisset,
2427 1552 2550 1592 non

536 1621 896 1706 mediocrem
939 1623 1046 1683 sibi
1096 1623 1454 1700 diligentiam
1502 1623 1899 1684 adhibendam
1947 1625 2338 1701 intellegebat.
2434 1626 2549 1683 Ita-

538 1732 653 1791 que
694 1734 757 1774 re
799 1715 1168 1774 frumentaria
1209 1716 1457 1792 provisa,
1501 1716 1723 1775 auxiliis
1763 1716 2141 1792 equitatuque
2184 1726 2546 1791 comparato,

537 1806 731 1865 multis
771 1816 1069 1884 praeterea
1108 1808 1241 1866 viris
1283 1808 1525 1868 fortibus
1556 1808 1775 1866 Tolosa
1812 1817 1870 1866 et
1901 1808 2199 1879 Narbone,
2229 1826 2381 1883 quae
2418 1820 2553 1866 sunt

456 1920 512 1973 15
539 1898 797 1957 civitates
827 1898 1049 1958 Galliae
1091 1899 1424 1974 provinciae
1467 1899 1746 1958 finitimae
1782 1899 1870 1958 his
1899 1899 2247 1975 regionibuS,
2280 1898 2548 1958 nomina·

538 1990 642 2049 tim
671 1987 928 2049 evocatis
955 1990 1015 2048 in
1044 1990 1367 2049 Sontiatum
1398 1990 1545 2049 fines
1584 1990 1901 2049 exercitum
1945 1989 2275 2050 introduxit.
2366 1991 2551 2050 Cuius

538 2082 791 2142 adventu
822 2082 1059 2159 cognito
1091 2083 1378 2144 Sontiates
1409 2084 1631 2162 magnis
1666 2084 1851 2160 copiis
1890 2083 2109 2143 coactis
2150 2082 2549 2159 equitatuque,

539 2193 658 2250 quo
713 2175 1025 2250 plurimum
1073 2177 1361 2248 valebant,
1412 2177 1474 2235 in
1522 2177 1724 2235 itinere
1773 2195 1986 2252 agmen
2040 2185 2305 2234 nostrum
2360 2174 2551 2234 adorti

538 2267 789 2341 primum
845 2275 1113 2343 equestre
1170 2268 1459 2344 proelium
1513 2267 1946 2339 commiserunt,
1999 2266 2236 2339 deinde,
2287 2267 2548 2340 equitatu

453 2369 513 2407 20
539 2376 644 2417 suo
667 2358 834 2433 pulso
857 2369 1030 2435 atque
1053 2359 1495 2436 insequentibus
1522 2361 1750 2432 nostris,
1775 2359 1967 2418 subito
1996 2358 2298 2434 pedestres
2326 2358 2549 2434 copiaS,
2634 2426 2643 2441 ,

538 2467 681 2524 quas
724 2449 784 2507 in
826 2450 1087 2509 convalle
1129 2451 1190 2508 in
1232 2450 1457 2510 insidiis
1499 2451 1943 2521 collocaverant,
1978 2449 2376 2508 ostenderunt.
2465 2450 2621 2588 {Iis

537 2550 766 2600 nostros
794 2539 1069 2600 disiectos
1098 2539 1284 2600 adorti
1314 2541 1597 2617 proelium
1625 2549 1990 2600 renovarunt.

619 2633 784 2691 XXI.
835 2633 1162 2709 Pugnatum
1191 2641 1278 2690 est
1305 2632 1407 2690 diu
1436 2643 1611 2708 atque
1640 2633 1862 2705 acriter,
1891 2650 2029 2690 cum
2058 2631 2347 2692 Sontiates
2377 2649 2547 2707 supe-

537 2723 780 2782 rioribus
807 2723 1059 2782 victoriis
1088 2724 1215 2782 freti
1244 2724 1304 2782 in
1333 2743 1437 2782 sua
1463 2725 1668 2783 virtute
1712 2724 1887 2782 totius
1919 2723 2262 2799 Aquitaniae
2304 2722 2549 2780 salutem

454 2833 479 2868 2
487 2832 512 2884 5
539 2816 787 2890 positam
829 2824 1115 2891 putarent,
1145 2815 1326 2873 nostri
1359 2825 1573 2886 autem,
1605 2814 1745 2890 quid
1793 2816 1917 2873 sine
1957 2816 2303 2891 imperatore
2335 2823 2394 2872 et
2424 2814 2547 2872 sine

537 2907 770 2981 reliquis
809 2906 1135 2982 legionibus
1177 2905 1616 2965 adulescentulo
1660 2906 1812 2965 duce
1857 2905 2085 2964 efficere
2128 2916 2388 2982 possent,
2419 2923 2547 2980 per-

540 2997 685 3071 spici
741 3009 1057 3072 cuperent:
1132 2996 1369 3055 tandem
1434 2997 1688 3056 confecti
1744 2997 2075 3055 vulneribus
2132 2997 2329 3054 hostes
2386 3005 2547 3070 terga

540 3097 776 3145 vertere.
888 3088 1154 3161 Quorum
1227 3105 1443 3163 magno
1505 3106 1749 3146 numero
1816 3087 2119 3146 interfecto
2177 3087 2417 3144 Crassus
2474 3103 2547 3144 ex

539 3178 744 3236 itinere
774 3179 1058 3255 oppidum
1089 3180 1416 3239 Sontiatum
1454 3197 1794 3255 oppugnare
1834 3179 2049 3253 coepit.
2135 3178 2362 3252 Quibus
2392 3178 2545 3235 forti-

368 3329 391 3333 „
444 3294 515 3350 ‘39
540 3279 628 3328 ter
668 3270 1080 3342 resistentibus,
1122 3271 1320 3329 vineas
1362 3280 1662 3346 turresque
1706 3271 1839 3346 egit.
1927 3271 2017 3328 Illi
2058 3270 2195 3327 alias
2238 3269 2546 3345 eruptione

541 3355 842 3437 temptata,
880 3363 1017 3420 alias
1059 3362 1340 3420 cuniculis
1382 3360 1460 3419 ad
1498 3379 1769 3436 aggerem
1808 3361 2122 3434 vineasque
2165 3361 2308 3418 actis
2356 3359 2547 3434 (cuius

542 3454 622 3512 rei
671 3463 805 3511 sunt
850 3454 1024 3529 longe
1072 3453 1401 3528 peritissimi
1446 3453 1739 3528 Aquitani,
1790 3443 2109 3528 propterea
2147 3451 2311 3527 quod
2353 3451 2549 3510 multis

542 3544 684 3602 locis
739 3542 899 3619 apud
954 3561 1056 3603 eos
1112 3544 1362 3603 aerariae
1419 3553 1799 3618 secturaeque
1855 3543 2041 3619 sunt),
2093 3541 2197 3602 ubi
2252 3541 2551 3618 diligentia

541 3645 870 3694 nostrorum
897 3635 1039 3694 nihil
1067 3636 1153 3693 his
1195 3636 1367 3694 rebus
1410 3636 1616 3711 profici
1656 3653 1831 3711 posse
1875 3635 2295 3706 intellexerunt,
2327 3634 2549 3709 legatos

455 3739 516 3790 35
543 3725 619 3783 ad
648 3725 919 3785 Crassum
961 3726 1213 3797 mittunt,
1245 3743 1425 3802 seque
1462 3727 1521 3784 in
1551 3725 1913 3785 deditionem
1944 3737 2007 3784 ut
2033 3725 2291 3800 recipiat,
2321 3733 2547 3800 petunt.

545 3815 679 3889 Qua
707 3834 767 3873 re
795 3817 1099 3891 impetrata
1127 3835 1286 3876 arma
1313 3816 1541 3875 tradere
1570 3817 1709 3876 iussi
1736 3819 1970 3876 faciunt.

2634 1078 2641 1085 ,
2729 870 2737 1073 ’ἱ
