2796 4207
838 234 983 286 LIB.
1028 235 1069 285 1.
1112 234 1277 287 cAP.
1319 235 1779 288 xxvn-xxx.
2271 223 2353 288 61

246 399 549 474 vicosque,
581 414 731 472 quos
760 394 1159 466 incenderant,
1189 394 1491 453 restituere
1529 394 1706 454 iussit.
1793 395 1868 454 Id
1910 415 1982 456 ea
2009 398 2262 460 maxime

244 491 471 548 ratione
514 488 671 558 fecit,
702 479 867 562 quod
907 486 1108 557 noluit,
1140 503 1277 544 eum
1318 486 1534 557 locum,
1565 485 1725 544 unde
1759 487 2016 546 Helvetii
2045 488 2261 548 disces-

244 589 458 651 serant,
487 595 713 648 vacare,
757 594 833 635 ne
874 586 1113 653 propter
1152 575 1475 634 bonitatem
1519 594 1788 652 agrorum
1833 577 2131 651 Germani,
2160 582 2261 657 qui

244 681 403 728 trans
448 669 726 727 Rhenum
767 667 1047 738 incolunt,
1078 685 1111 724 e
1150 667 1267 726 suis
1306 666 1520 725 finibus
1562 667 1622 725 in
1667 668 2072 728 Helvetiorum
2115 671 2260 730 fines

246 761 557 819 transirent
578 770 637 818 et
658 759 885 817 finitimi
904 758 1127 817 Galliae
1150 756 1482 832 provinciae
1498 758 2026 834 Allobrogibusque
2046 772 2257 821 essent.
2291 781 2316 831 5

247 853 448 921 Boios,
479 849 809 927 petentibus
844 847 1082 920 AeduiS,
1114 846 1275 923 quod
1310 849 1544 924 egregia
1581 849 1789 907 virtute
1820 861 1983 909 erant
2020 853 2258 928 cogniti,

247 952 312 1000 ut
340 943 399 999 in
428 941 638 999 finibus
668 940 784 998 suis
814 939 1187 1009 collocarent,
1218 938 1549 1011 concessit,
1593 939 1804 1013 quibus
1833 941 1912 998 illi
1946 960 2116 1018 agros
2154 942 2253 1000 de·

246 1033 459 1091 derunt
496 1048 763 1106 quosque
807 1039 1014 1105 postea
1041 1030 1103 1087 in
1130 1047 1332 1104 parem
1361 1028 1499 1088 iuris
1527 1029 1922 1107 libertatisque
1952 1033 2255 1092 condicio-

243 1141 381 1182 nem
412 1132 589 1198 atque
620 1122 728 1198 ipsi
758 1130 939 1192 erant,
970 1130 1401 1195 receperunt.
1422 1127 1504 1179 A

320 1215 543 1272 XXIX.
590 1214 663 1271 In
684 1212 882 1270 castris
904 1211 1309 1269 Helvetiorum
1338 1187 1569 1269 tabulae
1595 1223 1860 1288 repertae
1890 1224 2026 1272 sunt
2056 1215 2254 1274 litteris
2290 1243 2345 1278 ιο

242 1305 489 1364 Graecis
530 1303 839 1362 confectae
881 1310 941 1360 et
982 1300 1058 1359 ad
1102 1302 1415 1360 Caesarem
1445 1302 1678 1375 relatae,
1709 1304 1966 1378 quibus
1951 1323 2009 1362 m
2047 1306 2255 1365 tabulis

246 1394 594 1454 nominatim
641 1395 803 1452 ratio·
832 1392 1104 1451 confecta
1148 1401 1287 1463 erat,
1339 1393 1440 1468 qui
1490 1411 1766 1452 numerus
1812 1393 1998 1454 domo
2045 1397 2256 1455 exisset

246 1503 473 1556 eorum,
502 1484 602 1559 qui
630 1501 789 1542 arma
809 1484 955 1542 ferre
987 1491 1244 1558 possent,
1276 1491 1336 1540 et
1363 1484 1504 1541 item
1531 1485 1840 1558 separatim
1870 1487 2054 1560 pueri,
2085 1505 2255 1546 senes

246 1573 655 1650 mulieresque.
741 1574 1001 1648 Quarum
1032 1572 1297 1630 omnium
1326 1591 1518 1631 rerum
1562 1592 1792 1632 summa
1833 1585 1954 1633 erat
1995 1577 2254 1652 capitum

247 1664 655 1723 Helvetiorum
686 1663 841 1722 milia
868 1679 1099 1734 cctxm,
1130 1663 1513 1739 Tulingorum
1557 1664 1716 1722 milia
1756 1681 1960 1736 xxxvi,
1993 1668 2252 1726 Latobri-
2288 1691 2342 1741 ¹5

244 1773 453 1832 gorum
500 1771 619 1825 xlv,
671 1753 1056 1813 Raurieorum
1103 1769 1267 1824 xxm,
1314 1754 1592 1812 Boiorum
1639 1771 1844 1827 xxxu3
1889 1773 1963 1814 ex
2005 1756 2111 1829 his,
2154 1760 2254 1833 qui

243 1863 407 1904 arma
426 1845 572 1904 serre
601 1853 858 1922 possent,
882 1843 960 1902 ad
990 1844 1148 1902 milia
1169 1845 1487 1920 nonaginta
1514 1843 1654 1902 duo.
1725 1846 1964 1904 Summa
1991 1849 2254 1907 omnium

241 1940 475 1998 fuerunt
514 1937 592 1996 ad
633 1937 791 1995 milia
830 1951 1141 1995 CCCvam.
1226 1937 1468 2008 Eorum,
1513 1937 1614 2012 qui
1655 1936 1900 1997 domum
1940 1939 2252 2010 redierunt,

240 2049 426 2090 censu
473 2028 691 2101 habito,
734 2036 801 2086 ut
842 2028 1057 2087 Caesar
1097 2028 1497 2105 imperaverat,
1541 2037 1804 2105 repertus
1847 2039 1936 2088 est
1978 2049 2252 2090 numerus

240 2122 466 2181 milium
495 2138 533 2182 c
560 2131 619 2181 et
644 2138 706 2179 x.
2283 2154 2342 2191 20

482 2300 596 2356 The
616 2298 792 2373 chiefl-
815 2303 889 2372 qf
902 2300 1063 2355 Gaul
1071 2299 1284 2372 guther
1305 2306 1360 2355 to
1383 2302 1779 2372 congratulata*
1810 2302 1858 2355 C
1853 2318 2036 2356 aesar.

326 2444 508 2503 XXX.
553 2440 715 2501 Bello
739 2439 1146 2501 Helvetiorum
1170 2440 1446 2499 confecto
1466 2441 1644 2501 totius
1665 2442 1784 2501 fere
1808 2442 2030 2501 Galliae
2061 2442 2250 2518 legati,

244 2534 537 2611 principes
578 2533 895 2604 civitatum,
938 2530 1019 2590 ad
1060 2532 1371 2591 Caesarem
1413 2533 1762 2607 gratulatum
1813 2545 2248 2591 convenerunt:

246 2624 591 2701 Intellegere
631 2641 781 2696 sese,
822 2622 1055 2681 tametsi
1097 2640 1204 2700 pro
1245 2623 1538 2681 veteribus
1583 2623 1992 2717 Helvetiorym
2034 2624 2252 2682 iniuriis

242 2716 448 2793 populi
476 2714 732 2775 Romani
752 2713 828 2772 ab
857 2712 944 2772 his
974 2732 1197 2789 poenas
1226 2713 1380 2772 bello
1403 2714 1724 2789 repetisset,
1751 2724 1950 2782 tamen
1969 2732 2099 2772 eam
2127 2732 2251 2773 rem

242 2825 369 2866 non
395 2806 586 2865 minus
614 2823 694 2864 ex
722 2824 827 2864 usu
861 2816 1042 2863 terrae
1074 2804 1294 2865 Galliae
1331 2823 1509 2880 quam
1552 2805 1756 2881 populi
1801 2806 2058 2865 Romani
2099 2808 2248 2864 acci·
2283 2833 2341 2886 ²5

244 2898 421 2969 disse,
449 2906 760 2973 propterea
800 2895 963 2971 quod
1004 2914 1079 2953 eo
1121 2895 1366 2955 consilio
1395 2895 1812 2954 florentissimis
1841 2897 2014 2955 rebus
2042 2895 2253 2955 domos

244 3007 377 3047 suas
424 2987 680 3046 Helvetii
728 2986 1111 3083 reliquissent,
1162 2986 1245 3044 uti
1290 2988 1396 3045 toti
1444 2986 1665 3047 Galliae
1715 2987 1930 3045 bellum
1981 2988 2254 3045 inferrent

244 3079 609 3154 imperioque
652 3059 977 3153 potii-entur
1016 3077 1330 3152 locumque
1372 3076 1674 3137 domicilio
1717 3096 1790 3135 ex
1831 3095 2042 3153 magna
2082 3078 2255 3153 copia

233 3170 584 3245 deligerent,
615 3186 791 3243 quem
822 3186 896 3226 ex
924 3168 1086 3225 omni
1115 3168 1303 3227 Gallia
1330 3168 1892 3243 opportunissimum
1931 3186 2001 3226 ac
2044 3168 2255 3227 fructu-

245 3260 576 3317 osissimum
604 3256 977 3329 iudicassent,
1006 3258 1371 3333 reliquasque
1402 3258 1663 3318 civitates
1707 3258 2109 3335 stipendiarias
2153 3260 2251 3318 ha·
2284 3284 2344 3334 30

244 3352 469 3409 herent.
556 3350 867 3420 Petierunt,
898 3351 983 3408 uti
1024 3350 1135 3408 sibi
1177 3351 1494 3408 concilium
1536 3351 1711 3409 totius
1757 3352 1978 3411 Galliae
2006 3351 2067 3409 in
2097 3351 2255 3410 diem

245 3451 465 3501 certam
504 3440 765 3499 indicere
795 3440 974 3516 i'dque
1004 3440 1269 3500 Caesaris
1296 3441 1593 3500 voluntate
1623 3442 1813 3499 facere
1844 3442 2080 3501 liceret:
2127 3460 2254 3501 sese

244 3532 463 3591 habere
494 3527 779 3608 quasdam
808 3550 899 3591 res
926 3550 1071 3609 quas
1100 3549 1174 3590 ex
1202 3532 1502 3590 communi
1531 3550 1824 3591 consensu
1854 3534 1928 3592 ab
1951 3551 2025 3593 eo
2054 3543 2254 3612 petere

245 3622 505 3681 vellentc'·
541 3623 655 3681 »Ea
690 3641 751 3681 re
793 3615 1073 3699 permissa
1100 3622 1259 3681 diem
1289 3624 1542 3683 concilio
1572 3624 1997 3683 constituerunt
2025 3636 2084 3684 et
2113 3622 2257 3683 iur'e-

246 3712 513 3786 iurandO,
556 3732 633 3773 ne
678 3714 809 3788 quis
851 3714 1194 3785 enuntiaret,
1237 3714 1349 3772 nisi
1398 3713 1609 3789 quibus
1655 3714 1956 3773 communi
2011 3715 2255 3773 consilio
2287 3732 2345 3784 35

246 3804 589 3867 mandatum
619 3814 789 3873 esset,
818 3805 971 3863 inter
998 3822 1059 3863 se
1088 3815 1419 3865 sanxerunt.
