<?xml version="1.0" encoding="UTF-8"?>
<!DOCTYPE html PUBLIC "-//W3C//DTD XHTML 1.0 Transitional//EN"
    "http://www.w3.org/TR/xhtml1/DTD/xhtml1-transitional.dtd">
<html xmlns="http://www.w3.org/1999/xhtml" xml:lang="en" lang="en">
 <head>
  <title>
</title>
<meta http-equiv="Content-Type" content="text/html;charset=utf-8" />
  <meta name='ocr-system' content='tesseract 3.04.00' />
  <meta name='ocr-capabilities' content='ocr_page ocr_carea ocr_par ocr_line ocrx_word'/>
</head>
<body>
  <div class='ocr_page' id='page_1' title='image "./ciulicaesarisde00kelsgoog_0199.png"; bbox 0 0 2796 4207; ppageno 0'>
   <div class='ocr_carea' id='block_1_1' title="bbox 844 218 2370 290">
    <p class='ocr_par' dir='ltr' id='par_1_1' title="bbox 844 218 2370 290">
     <span class='ocr_line' id='line_1_1' title="bbox 844 218 2370 290; baseline -0.005 -1"><span class='ocrx_word' id='word_1_1' title='bbox 844 236 993 290; x_wconf 69' lang='grc' dir='ltr'><strong>ΜΒ.</strong></span> <span class='ocrx_word' id='word_1_2' title='bbox 1033 236 1105 288; x_wconf 85' lang='grc' dir='ltr'><strong>ν.</strong></span> <span class='ocrx_word' id='word_1_3' title='bbox 1150 234 1321 289; x_wconf 82' lang='lat' dir='ltr'>CAP.</span> <span class='ocrx_word' id='word_1_4' title='bbox 1368 235 1756 289; x_wconf 84' lang='lat' dir='ltr'><strong>LVI-LVIII.</strong></span> <span class='ocrx_word' id='word_1_5' title='bbox 2245 218 2370 283; x_wconf 88' lang='lat'><strong>149</strong></span> 
     </span>
    </p>
   </div>
   <div class='ocr_carea' id='block_1_2' title="bbox 245 397 2364 1657">
    <p class='ocr_par' dir='ltr' id='par_1_2' title="bbox 245 397 2364 1657">
     <span class='ocr_line' id='line_1_2' title="bbox 252 397 2279 475; baseline 0 -18"><span class='ocrx_word' id='word_1_6' title='bbox 252 418 393 458; x_wconf 88' lang='lat' dir='ltr'><strong>rum</strong></span> <span class='ocrx_word' id='word_1_7' title='bbox 425 399 671 475; x_wconf 87' lang='lat' dir='ltr'><strong>dispersi</strong></span> <span class='ocrx_word' id='word_1_8' title='bbox 700 418 769 457; x_wconf 91' lang='lat' dir='ltr'><strong>ac</strong></span> <span class='ocrx_word' id='word_1_9' title='bbox 799 399 1058 474; x_wconf 89' lang='lat' dir='ltr'><strong>dissipati</strong></span> <span class='ocrx_word' id='word_1_10' title='bbox 1087 397 1418 457; x_wconf 87' lang='lat' dir='ltr'><strong>discedunt.</strong></span> <span class='ocrx_word' id='word_1_11' title='bbox 1490 398 1692 457; x_wconf 90' lang='lat' dir='ltr'><strong>Subito</strong></span> <span class='ocrx_word' id='word_1_12' title='bbox 1723 398 2018 459; x_wconf 86' lang='lat' dir='ltr'>Labienus</span> <span class='ocrx_word' id='word_1_13' title='bbox 2049 398 2279 459; x_wconf 89' lang='lat' dir='ltr'><strong>duabus</strong></span> 
     </span>
     <span class='ocr_line' id='line_1_3' title="bbox 249 489 2275 567; baseline -0.001 -18"><span class='ocrx_word' id='word_1_14' title='bbox 249 491 447 565; x_wconf 90' lang='lat' dir='ltr'><strong>portis</strong></span> <span class='ocrx_word' id='word_1_15' title='bbox 490 509 730 549; x_wconf 90' lang='lat' dir='ltr'><strong>omnem</strong></span> <span class='ocrx_word' id='word_1_16' title='bbox 768 492 1090 567; x_wconf 84' lang='lat' dir='ltr'><strong>equitatum</strong></span> <span class='ocrx_word' id='word_1_17' title='bbox 1128 490 1372 548; x_wconf 89' lang='lat' dir='ltr'><strong>emittit:</strong></span> <span class='ocrx_word' id='word_1_18' title='bbox 1419 490 1703 565; x_wconf 86' lang='lat' dir='ltr'>praecipit</span> <span class='ocrx_word' id='word_1_19' title='bbox 1739 500 1916 566; x_wconf 90' lang='lat' dir='ltr'><strong>atque</strong></span> <span class='ocrx_word' id='word_1_20' title='bbox 1961 489 2275 562; x_wconf 83' lang='lat' dir='ltr'><strong>interdicit,</strong></span> 
     </span>
     <span class='ocr_line' id='line_1_4' title="bbox 246 580 2277 659; baseline 0 -20"><span class='ocrx_word' id='word_1_21' title='bbox 246 583 582 657; x_wconf 89' lang='lat' dir='ltr'><strong>proterritis</strong></span> <span class='ocrx_word' id='word_1_22' title='bbox 610 582 872 641; x_wconf 88' lang='lat' dir='ltr'><strong>hostibus</strong></span> <span class='ocrx_word' id='word_1_23' title='bbox 900 592 1075 659; x_wconf 89' lang='lat' dir='ltr'><strong>atque</strong></span> <span class='ocrx_word' id='word_1_24' title='bbox 1106 582 1167 639; x_wconf 89' lang='lat' dir='ltr'><strong>in</strong></span> <span class='ocrx_word' id='word_1_25' title='bbox 1195 581 1391 657; x_wconf 88' lang='lat' dir='ltr'><strong>fugam</strong></span> <span class='ocrx_word' id='word_1_26' title='bbox 1420 581 1702 639; x_wconf 88' lang='lat' dir='ltr'><strong>coniectis</strong></span> <span class='ocrx_word' id='word_1_27' title='bbox 1734 580 1929 659; x_wconf 90' lang='lat' dir='ltr'><strong>(quod</strong></span> <span class='ocrx_word' id='word_1_28' title='bbox 1958 581 2098 657; x_wconf 89' lang='lat' dir='ltr'><strong>fore,</strong></span> <span class='ocrx_word' id='word_1_29' title='bbox 2125 582 2277 649; x_wconf 79' lang='lat' dir='ltr'><strong>sicut</strong></span> 
     </span>
     <span class='ocr_line' id='line_1_5' title="bbox 246 672 2277 751; baseline 0 -20"><span class='ocrx_word' id='word_1_30' title='bbox 246 672 498 745; x_wconf 82' lang='lat' dir='ltr'><strong>accidit,</strong></span> <span class='ocrx_word' id='word_1_31' title='bbox 536 672 802 751; x_wconf 90' lang='lat' dir='ltr'><strong>videbat)</strong></span> <span class='ocrx_word' id='word_1_32' title='bbox 845 692 1030 731; x_wconf 88' lang='lat' dir='ltr'><strong>unum</strong></span> <span class='ocrx_word' id='word_1_33' title='bbox 1073 691 1279 731; x_wconf 87' lang='lat' dir='ltr'><strong>ornnes</strong></span> <span class='ocrx_word' id='word_1_34' title='bbox 1325 682 1591 748; x_wconf 87' lang='lat' dir='ltr'><strong>peterent</strong></span> <span class='ocrx_word' id='word_1_35' title='bbox 1637 672 2120 746; x_wconf 88' lang='lat' dir='ltr'><strong>Indutiomarum,</strong></span> <span class='ocrx_word' id='word_1_36' title='bbox 2161 692 2277 733; x_wconf 87' lang='lat' dir='ltr'><strong>neu</strong></span> 
     </span>
     <span class='ocr_line' id='line_1_6' title="bbox 246 763 2334 840; baseline 0.001 -19"><span class='ocrx_word' id='word_1_37' title='bbox 246 764 393 839; x_wconf 88' lang='lat' dir='ltr'><strong>quis</strong></span> <span class='ocrx_word' id='word_1_38' title='bbox 416 782 594 840; x_wconf 88' lang='lat' dir='ltr'><strong>quem</strong></span> <span class='ocrx_word' id='word_1_39' title='bbox 615 767 771 839; x_wconf 91' lang='lat' dir='ltr'><strong>prius</strong></span> <span class='ocrx_word' id='word_1_40' title='bbox 793 766 1069 835; x_wconf 89' lang='lat' dir='ltr'><strong>vulneret,</strong></span> <span class='ocrx_word' id='word_1_41' title='bbox 1091 782 1267 840; x_wconf 88' lang='lat' dir='ltr'><strong>quarn</strong></span> <span class='ocrx_word' id='word_1_42' title='bbox 1289 763 1450 821; x_wconf 89' lang='lat' dir='ltr'><strong>illum</strong></span> <span class='ocrx_word' id='word_1_43' title='bbox 1473 764 1840 822; x_wconf 87' lang='lat' dir='ltr'><strong>interfectum</strong></span> <span class='ocrx_word' id='word_1_44' title='bbox 1860 763 2085 836; x_wconf 89' lang='lat' dir='ltr'><strong>viderit,</strong></span> <span class='ocrx_word' id='word_1_45' title='bbox 2111 764 2276 840; x_wconf 93' lang='lat' dir='ltr'><strong>quod</strong></span> <span class='ocrx_word' id='word_1_46' title='bbox 2309 784 2334 836; x_wconf 84' lang='lat'><em>5</em></span> 
     </span>
     <span class='ocr_line' id='line_1_7' title="bbox 246 854 2272 931; baseline 0 -18"><span class='ocrx_word' id='word_1_47' title='bbox 246 873 427 913; x_wconf 86' lang='lat' dir='ltr'><strong>mora</strong></span> <span class='ocrx_word' id='word_1_48' title='bbox 475 855 829 930; x_wconf 91' lang='lat' dir='ltr'><strong>reliquorum</strong></span> <span class='ocrx_word' id='word_1_49' title='bbox 884 856 1135 931; x_wconf 86' lang='lat' dir='ltr'><strong>spatium</strong></span> <span class='ocrx_word' id='word_1_50' title='bbox 1184 864 1424 913; x_wconf 85' lang='lat' dir='ltr'><strong>nactum</strong></span> <span class='ocrx_word' id='word_1_51' title='bbox 1471 854 1628 912; x_wconf 89' lang='lat' dir='ltr'><strong>illum</strong></span> <span class='ocrx_word' id='word_1_52' title='bbox 1687 854 1940 931; x_wconf 85' lang='lat' dir='ltr'><strong>effugere</strong></span> <span class='ocrx_word' id='word_1_53' title='bbox 1999 855 2272 929; x_wconf 70' lang='lat' dir='ltr'><strong>nolebat,</strong></span> 
     </span>
     <span class='ocr_line' id='line_1_8' title="bbox 246 947 2270 1025; baseline 0 -18"><span class='ocrx_word' id='word_1_54' title='bbox 246 967 477 1024; x_wconf 86' lang='lat' dir='ltr'><strong>magna</strong></span> <span class='ocrx_word' id='word_1_55' title='bbox 516 950 793 1025; x_wconf 88' lang='lat' dir='ltr'><strong>proponit</strong></span> <span class='ocrx_word' id='word_1_56' title='bbox 832 950 919 1021; x_wconf 82' lang='lat' dir='ltr'><strong>iis,</strong></span> <span class='ocrx_word' id='word_1_57' title='bbox 962 949 1063 1024; x_wconf 92' lang='lat' dir='ltr'><strong>qui</strong></span> <span class='ocrx_word' id='word_1_58' title='bbox 1105 947 1446 1021; x_wconf 88' lang='lat' dir='ltr'><strong>occiderint,</strong></span> <span class='ocrx_word' id='word_1_59' title='bbox 1491 950 1786 1024; x_wconf 83' lang='lat' dir='ltr'><strong>praemia;</strong></span> <span class='ocrx_word' id='word_1_60' title='bbox 1845 949 2130 1007; x_wconf 88' lang='lat' dir='ltr'><strong>submittit</strong></span> <span class='ocrx_word' id='word_1_61' title='bbox 2173 968 2270 1007; x_wconf 89' lang='lat' dir='ltr'><strong>co·</strong></span> 
     </span>
     <span class='ocr_line' id='line_1_9' title="bbox 248 1038 2273 1116; baseline 0 -20"><span class='ocrx_word' id='word_1_62' title='bbox 248 1040 457 1097; x_wconf 90' lang='lat' dir='ltr'><strong>hortes</strong></span> <span class='ocrx_word' id='word_1_63' title='bbox 480 1040 771 1114; x_wconf 89' lang='lat' dir='ltr'><strong>equitibus</strong></span> <span class='ocrx_word' id='word_1_64' title='bbox 800 1039 1077 1098; x_wconf 88' lang='lat' dir='ltr'><strong>subsidio.</strong></span> <span class='ocrx_word' id='word_1_65' title='bbox 1150 1040 1516 1116; x_wconf 89' lang='lat' dir='ltr'><strong>Comprobat</strong></span> <span class='ocrx_word' id='word_1_66' title='bbox 1544 1038 1796 1098; x_wconf 87' lang='lat' dir='ltr'><strong>hominis</strong></span> <span class='ocrx_word' id='word_1_67' title='bbox 1832 1040 2139 1099; x_wconf 88' lang='lat' dir='ltr'><strong>consilium</strong></span> <span class='ocrx_word' id='word_1_68' title='bbox 2162 1040 2273 1099; x_wconf 87' lang='lat' dir='ltr'><strong>for-</strong></span> 
     </span>
     <span class='ocr_line' id='line_1_10' title="bbox 246 1130 2272 1206; baseline 0 -18"><span class='ocrx_word' id='word_1_69' title='bbox 246 1140 418 1202; x_wconf 88' lang='lat' dir='ltr'><strong>tuna,</strong></span> <span class='ocrx_word' id='word_1_70' title='bbox 450 1140 510 1187; x_wconf 91' lang='lat' dir='ltr'><strong>et</strong></span> <span class='ocrx_word' id='word_1_71' title='bbox 538 1148 676 1188; x_wconf 88' lang='lat' dir='ltr'><strong>cum</strong></span> <span class='ocrx_word' id='word_1_72' title='bbox 704 1148 886 1189; x_wconf 90' lang='lat' dir='ltr'><strong>unum</strong></span> <span class='ocrx_word' id='word_1_73' title='bbox 915 1149 1121 1189; x_wconf 90' lang='lat' dir='ltr'><strong>omnes</strong></span> <span class='ocrx_word' id='word_1_74' title='bbox 1151 1140 1434 1206; x_wconf 89' lang='lat' dir='ltr'><strong>peterent,</strong></span> <span class='ocrx_word' id='word_1_75' title='bbox 1458 1130 1519 1188; x_wconf 93' lang='lat' dir='ltr'><strong>in</strong></span> <span class='ocrx_word' id='word_1_76' title='bbox 1548 1132 1679 1206; x_wconf 90' lang='lat' dir='ltr'><strong>ipso</strong></span> <span class='ocrx_word' id='word_1_77' title='bbox 1708 1130 1957 1189; x_wconf 87' lang='lat' dir='ltr'><strong>fluminis</strong></span> <span class='ocrx_word' id='word_1_78' title='bbox 1986 1130 2140 1189; x_wconf 88' lang='lat' dir='ltr'><strong>vado</strong></span> <span class='ocrx_word' id='word_1_79' title='bbox 2170 1130 2272 1189; x_wconf 90' lang='lat' dir='ltr'><strong>de-</strong></span> 
     </span>
     <span class='ocr_line' id='line_1_11' title="bbox 246 1220 2364 1297; baseline 0.001 -19"><span class='ocrx_word' id='word_1_80' title='bbox 246 1220 581 1297; x_wconf 89' lang='lat' dir='ltr'><strong>prehensus</strong></span> <span class='ocrx_word' id='word_1_81' title='bbox 610 1220 1045 1281; x_wconf 84' lang='lat' dir='ltr'><strong>Indutiomarus</strong></span> <span class='ocrx_word' id='word_1_82' title='bbox 1090 1222 1426 1280; x_wconf 87' lang='lat' dir='ltr'><strong>interficitur</strong></span> <span class='ocrx_word' id='word_1_83' title='bbox 1466 1231 1759 1297; x_wconf 84' lang='lat' dir='ltr'><strong>caputque</strong></span> <span class='ocrx_word' id='word_1_84' title='bbox 1791 1223 1914 1281; x_wconf 89' lang='lat' dir='ltr'><strong>eius</strong></span> <span class='ocrx_word' id='word_1_85' title='bbox 1943 1222 2184 1280; x_wconf 87' lang='lat' dir='ltr'><strong>refertur</strong></span> <span class='ocrx_word' id='word_1_86' title='bbox 2211 1223 2272 1279; x_wconf 92' lang='lat' dir='ltr'><strong>in</strong></span> <span class='ocrx_word' id='word_1_87' title='bbox 2306 1246 2364 1281; x_wconf 92' lang='lat'><strong>10</strong></span> 
     </span>
     <span class='ocr_line' id='line_1_12' title="bbox 247 1310 2270 1387; baseline 0.001 -19"><span class='ocrx_word' id='word_1_88' title='bbox 247 1320 483 1384; x_wconf 70' lang='lat' dir='ltr'><strong>eastra,</strong></span> <span class='ocrx_word' id='word_1_89' title='bbox 527 1310 841 1370; x_wconf 88' lang='lat' dir='ltr'><strong>redeuntes</strong></span> <span class='ocrx_word' id='word_1_90' title='bbox 883 1313 1127 1386; x_wconf 80' lang='lat' dir='ltr'><strong>equiteS,</strong></span> <span class='ocrx_word' id='word_1_91' title='bbox 1162 1329 1309 1386; x_wconf 92' lang='lat' dir='ltr'><strong>quos</strong></span> <span class='ocrx_word' id='word_1_92' title='bbox 1348 1321 1612 1387; x_wconf 88' lang='lat' dir='ltr'><strong>possunt,</strong></span> <span class='ocrx_word' id='word_1_93' title='bbox 1645 1322 2056 1371; x_wconf 87' lang='lat' dir='ltr'><strong>consectantur</strong></span> <span class='ocrx_word' id='word_1_94' title='bbox 2093 1321 2270 1387; x_wconf 86' lang='lat' dir='ltr'><strong>atque</strong></span> 
     </span>
     <span class='ocr_line' id='line_1_13' title="bbox 246 1400 2266 1477; baseline 0.001 -19"><span class='ocrx_word' id='word_1_95' title='bbox 246 1400 557 1459; x_wconf 88' lang='lat' dir='ltr'><strong>occidunt.</strong></span> <span class='ocrx_word' id='word_1_96' title='bbox 644 1402 781 1460; x_wconf 88' lang='lat' dir='ltr'><strong>Hae</strong></span> <span class='ocrx_word' id='word_1_97' title='bbox 818 1420 880 1460; x_wconf 89' lang='lat' dir='ltr'><strong>re</strong></span> <span class='ocrx_word' id='word_1_98' title='bbox 918 1403 1153 1477; x_wconf 88' lang='lat' dir='ltr'><strong>cognita</strong></span> <span class='ocrx_word' id='word_1_99' title='bbox 1194 1420 1402 1461; x_wconf 89' lang='lat' dir='ltr'><strong>omnes</strong></span> <span class='ocrx_word' id='word_1_100' title='bbox 1433 1402 1777 1460; x_wconf 90' lang='lat' dir='ltr'><strong>Eburonum</strong></span> <span class='ocrx_word' id='word_1_101' title='bbox 1807 1413 1866 1461; x_wconf 90' lang='lat' dir='ltr'><strong>et</strong></span> <span class='ocrx_word' id='word_1_102' title='bbox 1899 1404 2266 1476; x_wconf 89' lang='lat' dir='ltr'><strong>Nerviorum,</strong></span> 
     </span>
     <span class='ocr_line' id='line_1_14' title="bbox 245 1491 2271 1570; baseline 0.002 -21"><span class='ocrx_word' id='word_1_103' title='bbox 245 1510 408 1567; x_wconf 88' lang='lat' dir='ltr'><strong>quae</strong></span> <span class='ocrx_word' id='word_1_104' title='bbox 452 1502 867 1564; x_wconf 88' lang='lat' dir='ltr'><strong>convenerant,</strong></span> <span class='ocrx_word' id='word_1_105' title='bbox 911 1494 1119 1568; x_wconf 88' lang='lat' dir='ltr'><strong>copiae</strong></span> <span class='ocrx_word' id='word_1_106' title='bbox 1163 1491 1494 1565; x_wconf 88' lang='lat' dir='ltr'><strong>discedunt,</strong></span> <span class='ocrx_word' id='word_1_107' title='bbox 1538 1493 1832 1567; x_wconf 90' lang='lat' dir='ltr'><strong>pauloque</strong></span> <span class='ocrx_word' id='word_1_108' title='bbox 1886 1493 2086 1553; x_wconf 88' lang='lat' dir='ltr'><strong>habuit</strong></span> <span class='ocrx_word' id='word_1_109' title='bbox 2137 1505 2271 1570; x_wconf 90' lang='lat' dir='ltr'><strong>post</strong></span> 
     </span>
     <span class='ocr_line' id='line_1_15' title="bbox 248 1582 1492 1657; baseline 0.003 -18"><span class='ocrx_word' id='word_1_110' title='bbox 248 1582 315 1639; x_wconf 90' lang='lat' dir='ltr'><strong>id</strong></span> <span class='ocrx_word' id='word_1_111' title='bbox 348 1582 571 1639; x_wconf 88' lang='lat' dir='ltr'><strong>factum</strong></span> <span class='ocrx_word' id='word_1_112' title='bbox 600 1582 820 1640; x_wconf 85' lang='lat' dir='ltr'><strong>Caesar</strong></span> <span class='ocrx_word' id='word_1_113' title='bbox 848 1584 1194 1657; x_wconf 89' lang='lat' dir='ltr'><strong>quietiorem</strong></span> <span class='ocrx_word' id='word_1_114' title='bbox 1224 1583 1492 1643; x_wconf 79' lang='lat' dir='ltr'><strong>Galliam.</strong></span> 
     </span>
    </p>
   </div>
  </div>
 </body>
</html>
