2796 4207
496 212 621 277 208
1148 229 1258 285 DE
1312 228 1568 284 BELLO
1621 228 1969 283 GALLICO

580 392 813 469 signum
852 392 971 451 suis
998 392 1438 469 Vercingetorix
1469 400 1648 467 atque
1683 408 1760 450 ex
1798 389 2026 467 oppido
2067 389 2280 449 educit.
2371 391 2584 466 Nostri,

580 490 645 541 ut
676 481 1067 558 superioribus
1106 482 1315 543 diebus
1356 500 1496 541 suus
1537 481 1750 556 cuique
1791 490 1915 539 erat
1954 481 2120 539 locus
2159 482 2486 554 attributus,
2515 482 2587 541 ad

580 572 936 631 munitiones
976 571 1310 646 accedunt3
1364 570 1562 631 fundis
1603 571 1880 631 librilibus
1921 571 2297 647 sudibusque,
2343 590 2492 649 quas
2533 575 2590 631 in

578 680 759 739 opere
816 662 1244 739 disposuerant,
1293 680 1365 722 ac
1414 661 1722 739 glandibus
1771 662 1972 723 Gallos
2021 673 2368 738 proterrent.
2456 665 2590 722 Pro-

524 770 551 822 5
578 764 785 831 spectu
820 754 1073 813 tenebris
1100 752 1381 829 adempto
1411 754 1594 813 multa
1619 752 1911 829 utrimque
1939 753 2176 812 vulnera
2202 754 2588 830 accipiuntur.

581 845 901 921 Complura
941 844 1247 904 tormentis
1288 844 1405 903 tela
1445 844 1831 905 coniciuntur.
1917 847 1992 904 At
2027 845 2264 903 Marcus
2297 846 2594 905 Antonius

578 946 637 995 et
658 937 843 997 Gaius
862 934 1192 995 Trebonius
1218 934 1411 1011 legati,
1439 935 1652 1011 quibus
1679 935 1790 995 hae
1815 945 2011 1013 partes
2035 934 2116 993 ad
2142 933 2594 996 defendendum

576 1029 953 1099 obvenerant,
1002 1044 1121 1103 qua
1166 1044 1244 1086 ex
1290 1036 1454 1101 parte
1503 1037 1734 1087 nostros
1783 1026 1972 1102 premi
2027 1026 2456 1098 intellexerant,
2507 1028 2597 1085 his

575 1118 789 1177 auxilio
818 1136 891 1177 ex
920 1117 1285 1178 ulterioribus
1312 1117 1560 1177 castellis
1588 1116 1882 1177 deductos
1909 1117 2346 1177 submittebant.

492 1228 549 1267 10
657 1210 959 1269 LXXXII.
1006 1209 1166 1268 Dum
1207 1208 1436 1285 longius
1477 1208 1554 1267 ab
1595 1209 1918 1269 munitione
1960 1210 2201 1268 aberant
2247 1211 2426 1280 Galli,
2469 1212 2596 1287 plus

574 1300 943 1359 multitudine
984 1300 1229 1359 telorum
1268 1298 1653 1374 proficiebant
1674 1320 1693 1373 3
1749 1310 2136 1375 posteaquam
2173 1302 2428 1378 propius
2465 1320 2592 1360 suc-

574 1401 889 1464 cesserunt,
918 1401 1018 1451 aut
1046 1408 1108 1451 se
1150 1390 1395 1449 stimulis
1435 1390 1807 1467 inopinantes
1846 1390 2169 1451 induebant
2196 1402 2299 1451 aut
2341 1393 2408 1451 in
2436 1412 2592 1452 scro-

574 1482 681 1543 bes
727 1482 905 1541 delati
944 1480 1476 1541 transfodiebantur
1513 1492 1615 1540 aut
1655 1500 1730 1540 ex
1768 1482 1920 1541 vallo
1961 1500 2030 1541 ac
2075 1483 2323 1543 turribus
2367 1484 2596 1543 traiecti

573 1574 703 1649 pilis
758 1573 1069 1633 muralibus
1124 1572 1451 1631 interibant.
1538 1572 1740 1631 Multis
1795 1572 2057 1649 undique
2099 1574 2440 1634 vulneribus
2496 1594 2591 1633 ac-

490 1690 547 1743 15
574 1664 757 1739 ceptis
802 1664 957 1723 nulla
1005 1664 1325 1724 munitione
1374 1672 1667 1739 perrupta,
1717 1681 1853 1723 cum
1897 1664 1994 1722 lux
2034 1674 2360 1740 appeteret,
2407 1666 2592 1736 veriti,

573 1772 649 1813 ne
677 1755 752 1814 ab
778 1755 955 1814 latere
994 1764 1197 1831 aperto
1224 1772 1299 1813 ex
1339 1755 1731 1831 superioribus
1758 1756 1959 1815 castris
1999 1756 2307 1832 eruptione
2337 1758 2592 1815 circurn-

572 1846 919 1918 venirentur,
962 1864 1027 1905 se
1066 1845 1145 1905 ad
1192 1863 1329 1905 suos
1372 1856 1738 1921 receperunt.
1822 1848 1901 1905 At
1946 1846 2263 1920 interiores,
2307 1848 2462 1907 dum
2505 1866 2591 1918 ea,

572 1956 723 2013 quae
768 1956 805 1995 a
831 1937 1303 2012 Vercingetorige
1330 1935 1408 1994 ad
1451 1937 1820 2012 eruptionem
1858 1946 2200 2014 praeparata
2238 1948 2428 2014 erant,
2458 1957 2588 2016 pro·

572 2032 779 2106 ferunt,
821 2030 1041 2107 priores
1082 2027 1263 2085 fossas
1304 2027 1559 2102 explent,
1601 2026 1818 2087 diutius
1859 2029 1920 2087 in
1963 2028 2050 2087 his
2092 2029 2265 2088 rebus
2307 2029 2586 2089 adminis-

485 2153 545 2188 20
572 2121 787 2182 trandis
848 2119 1053 2181 morati
1109 2118 1265 2195 prius
1328 2136 1465 2178 suos
1525 2117 1863 2180 discessisse
1925 2130 2349 2196 cognoverunt,
2409 2139 2588 2197 quam

571 2213 989 2273 munitionibus
1036 2209 1588 2286 appropinquarent.
1673 2210 1770 2270 Ita
1809 2227 1872 2270 re
1926 2210 2144 2270 infecta
2183 2211 2247 2270 in
2293 2212 2588 2290 oppidum

571 2314 939 2364 reverterunt.

652 2396 987 2456 LXXXIII.
1032 2396 1129 2455 Bis
1162 2415 1379 2473 magno
1422 2414 1559 2455 cum
1587 2393 1940 2453 detrimento
1981 2393 2195 2470 repulsi
2235 2395 2411 2467 Galli,
2445 2393 2588 2472 quid

569 2497 759 2564 agant,
801 2487 1151 2561 consulunt3
1208 2489 1472 2547 locorum
1512 2485 1730 2562 peritos
1770 2482 2090 2545 adhibent:
2148 2502 2222 2543 ex
2264 2484 2357 2546 his
2410 2503 2586 2562 supe-

482 2611 508 2646 2
515 2611 541 2664 5
567 2580 784 2638 riorum
832 2585 1149 2638 castrorum
1193 2580 1333 2638 situs
1374 2577 1847 2650 munitionesque
1896 2586 2281 2652 cognoscunt.
2368 2577 2516 2638 Erat
2554 2595 2588 2634 a

567 2669 1056 2746 septentrionibus
1099 2669 1277 2743 colliS,
1306 2686 1487 2744 quem
1528 2676 1768 2744 propter
1807 2667 2272 2745 magnitudinem
2307 2669 2586 2729 circuitus

566 2778 745 2835 opere
787 2760 1185 2834 circumplecti
1228 2779 1347 2819 non
1389 2769 1702 2837 potuerant
1741 2760 1958 2818 nostri:
2017 2760 2349 2819 necessario
2391 2777 2584 2836 paene

567 2851 768 2926 iniquo
807 2850 942 2909 loco
984 2860 1044 2909 et
1091 2850 1296 2909 leniter
1337 2849 1548 2910 declivi
1588 2859 1776 2910 castra
1815 2851 2092 2910 fecerunt.
2181 2851 2356 2910 Haec
2399 2853 2584 2912 Gaius

564 2941 843 3001 Antistius
878 2941 1139 3018 Reginus
1168 2952 1228 3001 et
1266 2942 1450 3002 Gaius
1477 2942 1757 3002 Caninius
1786 2942 2030 3002 Rebilus
2066 2943 2240 3019 legati
2269 2962 2408 3003 cum
2437 2943 2576 3004 dua-

476 3069 538 3118 30
563 3033 673 3092 bus
701 3032 1026 3109 legionibus
1048 3033 1409 3092 obtinebant.
1480 3034 1747 3110 Cognitis
1774 3051 1882 3110 per
1908 3034 2301 3111 exploratores
2328 3035 2577 3111 regioni-

563 3124 671 3182 bus
700 3123 882 3182 duces
911 3123 1165 3182 hostium
1195 3141 1273 3182 Lx
1315 3125 1474 3183 milia
1499 3143 1573 3184 ex
1613 3126 1776 3184 omni
1803 3143 2048 3185 numero
2086 3125 2351 3201 deligunt
2379 3145 2574 3186 earum

564 3214 879 3287 civitatum,
908 3231 1059 3290 quae
1094 3216 1410 3274 maximam
1438 3216 1658 3275 virtutis
1686 3217 2028 3291 opinionem
2055 3215 2392 3291 habebant,
2433 3215 2576 3294 quid

564 3323 801 3382 quoque
838 3317 1014 3382 pacto
1042 3307 1135 3382 agi
1172 3306 1417 3382 placeat,
1447 3306 1676 3366 occulte
1714 3308 1862 3366 inter
1897 3325 1960 3367 se
1999 3309 2398 3382 constituunt;
2439 3309 2572 3368 ade-

563 3396 707 3456 undi
734 3405 967 3473 tempus
997 3398 1301 3470 definiunt,
1332 3416 1470 3457 cum
1503 3398 1776 3457 meridies
1811 3417 1938 3458 esse
1967 3398 2246 3460 videatur.
2334 3401 2448 3460 His
2476 3419 2570 3459 co-

473 3510 533 3566 35
561 3488 671 3565 piis
698 3488 1294 3548 Vercassivellaunum
1324 3491 1662 3561 Arvernum,
1693 3507 1875 3548 unum
1903 3507 1980 3548 ex
2005 3499 2280 3565 quattuor
2307 3489 2567 3560 ducibuS,

560 3579 959 3655 propinquum
975 3579 1481 3655 VercingetorigiS,
1505 3580 1866 3654 praeficiunt.
1939 3580 2044 3639 Ille
2063 3599 2138 3639 ex
2165 3583 2368 3642 castris
2387 3583 2569 3659 prima

561 3669 749 3740 vigilia
789 3687 1051 3743 egressus
1093 3686 1277 3743 prope
1320 3669 1595 3727 confecto
1625 3670 1735 3729 sub
1773 3671 1967 3729 lucem
1995 3672 2199 3731 itinere
2241 3685 2378 3748 post
2405 3692 2563 3733 mon·

561 3765 681 3810 tem
711 3774 772 3811 se
808 3757 1117 3813 occultavit
1156 3757 1480 3830 militesque
1511 3775 1584 3815 ex
1621 3769 1910 3818 nocturno
1941 3760 2136 3821 labore
2177 3783 2305 3822 sese
2335 3766 2565 3823 reficere
