2796 4207
72 3471 125 3504 fa,

835 184 985 239 ΜΒ.
1024 183 1165 237 vn.
1208 183 1374 236 cAP.
1416 184 1792 238 xv-xvm.
2234 169 2358 238 177
2461 204 2468 209 ·

256 358 414 411 tores
456 350 519 408 in
562 348 786 424 singula
826 345 945 405 diei
984 355 1268 421 tempora,
1299 362 1452 420 quae
1487 345 1564 403 ad
1593 348 1902 407 Avaricum
1944 360 2268 427 agerentur,

254 440 660 518 cognoscebat
702 449 777 509 et,
809 436 952 513 quid
990 436 1113 494 fieri
1141 435 1331 509 vellet,
1366 436 1706 512 imperabat.
1792 438 2000 499 Omnis
2042 451 2268 501 nostras

250 532 666 611 pabulationes
688 527 1281 602 frumentationesque
1310 528 1655 587 observabat
1675 529 2106 609 dispersosque,
2131 552 2268 593 cum

250 624 485 701 longius
534 620 865 680 necessario
918 618 1327 695 procederent,
1376 618 1748 679 adoriebatur
1797 642 2132 701 magnoque
2180 625 2264 684 in-

248 712 582 775 commodo
610 711 917 782 afficiebat,
948 710 1073 781 etsi,
1105 719 1388 786 quantum
1422 710 1646 770 ratione
1685 713 1978 787 provideri
2017 727 2265 792 poterat,
2297 737 2323 788 5

248 808 329 866 ab
370 805 584 864 nostris
634 802 1061 872 occurrebatur,
1106 810 1170 859 ut
1214 800 1449 859 incertis
1495 804 1856 879 temporibus
1908 804 2264 885 diversisque

247 896 556 955 itineribus
585 896 777 954 iretur.

332 987 532 1045 XVII.
576 986 794 1045 Castris
822 983 901 1043 ad
934 1002 1065 1042 eam
1098 991 1324 1058 partem
1366 981 1576 1059 oppidi
1617 984 1820 1058 positis
1849 986 2082 1059 Caesar,
2113 1008 2264 1065 quae

244 1078 581 1138 intermissa
607 1096 643 1135 a
668 1076 905 1134 flumine
934 1084 994 1133 et
1022 1094 1057 1131 a
1084 1072 1395 1150 paludibus
1424 1073 1666 1149 aditum,
1697 1086 1760 1135 ut
1788 1095 1962 1154 supra
1989 1078 2264 1153 diximuS,

245 1181 565 1248 angustum
613 1168 883 1240 habebat,
930 1183 1201 1242 aggerem
1252 1184 1553 1242 apparare,
1597 1167 1792 1227 vineas
1842 1187 2032 1245 agere,
2082 1181 2264 1231 turres
2297 1199 2354 1234 10

246 1262 402 1321 duas
442 1260 795 1320 constituere
838 1257 1073 1332 coepit3
1116 1274 1254 1314 nam
1290 1257 1718 1315 circumvallare
1755 1258 1871 1317 loci
1897 1270 2103 1319 natura
2129 1280 2262 1337 pro-

246 1352 509 1413 hibebat.
598 1352 689 1409 De
732 1367 793 1406 re
836 1348 1207 1406 frumentaria
1249 1349 1428 1407 Boios
1471 1358 1646 1423 atque
1689 1348 1930 1409 Aeduos
1971 1350 2265 1412 adhortari

246 1462 377 1503 non
406 1442 661 1515 destitit3
706 1458 954 1517 quorum
991 1439 1169 1511 alteri,
1202 1438 1364 1516 quod
1407 1440 1565 1499 nullo
1607 1439 1801 1498 studio
1843 1443 2112 1517 agebant,
2142 1462 2265 1503 non

247 1535 502 1593 multum
532 1532 903 1604 adiuvabant,
932 1530 1096 1589 alteri
1122 1548 1243 1588 non
1273 1530 1498 1605 magnis
1527 1530 1910 1604 facultatibus,
1941 1532 2105 1607 quod
2133 1535 2264 1593 civi-

246 1637 345 1686 tas
388 1635 509 1684 erat
557 1624 766 1701 exigua
806 1631 866 1681 et
906 1622 1149 1693 infirma,
1195 1621 1476 1694 celeriter,
1521 1620 1685 1697 quod
1735 1621 2078 1697 habuerunt,
2122 1643 2264 1684 con·
2298 1644 2354 1697 15

248 1725 645 1792 sumpserunt.
755 1715 995 1774 Summa
1048 1711 1389 1771 difficultate
1445 1712 1530 1770 rei
1584 1712 1992 1773 frumentariae
2049 1715 2262 1776 affecto

249 1808 511 1867 exercitu
554 1806 833 1865 tenuitate
864 1805 1162 1876 Boiorum,
1191 1802 1556 1879 indiligentia
1582 1803 1942 1876 Aeduorum,
1974 1806 2261 1866 incendiis

247 1898 675 1969 aedificiorum,
716 1914 901 1973 usque
938 1914 1031 1969 eo,
1067 1905 1131 1954 ut
1172 1894 1504 1969 complures
1546 1892 1672 1953 dies
1713 1895 2005 1955 frumento
2049 1898 2261 1957 milites

249 1990 544 2049 caruerint
571 1998 631 2047 et
657 2006 873 2064 pecore
904 2005 977 2045 ex
1003 1985 1504 2061 longinquioribus
1525 1986 1668 2045 vicis
1695 1984 1910 2046 adacto
1938 1997 2258 2048 extremam

249 2082 473 2142 famem
515 2087 917 2151 sustentarent,
947 2078 1103 2137 nulla
1144 2087 1342 2137 tamen
1370 2095 1485 2136 vox
1513 2086 1602 2136 est
1628 2078 1705 2137 ab
1733 2078 1802 2138 iis
1831 2078 2032 2140 audita
2061 2082 2265 2158 populi
2296 2109 2356 2145 20

249 2172 514 2234 Romani
561 2172 861 2230 maiestate
910 2179 972 2228 et
1018 2169 1410 2246 superioribus
1457 2170 1710 2228 victoriis
1760 2170 2014 2248 indigna.
2105 2173 2265 2248 Quin

250 2265 433 2324 etiam
462 2263 679 2322 Caesar
705 2280 842 2320 cum
870 2261 930 2319 in
958 2279 1135 2337 opere
1171 2260 1423 2336 singulas
1464 2260 1723 2336 legiones
1765 2262 2082 2337 appellaret
2109 2275 2188 2337 et,
2218 2266 2266 2323 si

249 2354 519 2413 acerbius
548 2353 808 2429 inopiam
830 2351 1059 2422 ferrent,
1082 2369 1145 2410 se
1174 2350 1546 2410 dimissurum
1576 2353 2079 2428 oppugnationem
2109 2355 2268 2414 dice·

248 2455 359 2518 ret,
389 2443 642 2503 universi
669 2444 745 2502 ab
773 2459 865 2514 e0,
894 2459 971 2500 ne
1001 2441 1062 2499 id
1090 2442 1323 2514 faceret,
1352 2443 1671 2517 petebant:
1717 2443 1799 2500 sic
1829 2461 1891 2501 se
1931 2445 2266 2522 complures

248 2554 443 2595 annos
470 2535 567 2593 illo
597 2533 915 2608 imperante
945 2533 1241 2604 meruisse,
1272 2541 1336 2591 ut
1362 2533 1579 2591 nullam
1615 2533 1996 2608 ignominiam
2032 2537 2265 2614 accipe·
2296 2556 2324 2594 2
2331 2555 2356 2608 5

248 2638 403 2699 rent,
446 2643 737 2701 nusquam
786 2625 1021 2700 incepta
1059 2641 1121 2682 re
1164 2622 1578 2696 discederent3
1637 2623 1754 2682 hoc
1796 2643 1858 2682 se
1909 2625 2266 2702 ignominiae

249 2721 471 2778 laturos
498 2718 651 2789 loco,
682 2716 730 2774 si
766 2715 1063 2791 inceptam
1104 2715 1608 2790 oppugnationem
1649 2715 2054 2790 reliquissent3
2099 2736 2267 2794 prae-

251 2821 405 2870 stare
436 2825 642 2867 omnes
670 2807 922 2882 perferre
956 2805 1319 2878 acerbitates,
1349 2824 1528 2880 quam
1559 2823 1680 2864 non
1708 2806 1932 2866 civibus
1961 2810 2267 2883 RomaniS,

250 2901 356 2978 qui
385 2898 613 2959 Cenabi
640 2895 885 2973 perfidia
908 2896 1207 2956 Gallorum
1238 2896 1585 2969 interissent,
1615 2907 2004 2974 parentarent.
2091 2901 2267 2960 Haec

249 2983 475 3052 eadem'
510 2987 945 3047 centurionibus
988 2986 1346 3061 tribunisque
1386 2988 1635 3046 militum
1664 2988 2041 3062 mandabant,
2072 3002 2136 3050 ut
2162 3009 2270 3068 per
2296 3015 2358 3066 30

250 3101 359 3144 eos
388 3081 466 3140 ad
496 3080 809 3140 Caesarem
839 3076 1216 3136 deferrentur.

330 3173 568 3233 XVIII.
614 3171 768 3230 Cum
795 3170 911 3228 iam
940 3187 1108 3228 muro
1142 3179 1326 3228 turres
1360 3171 1950 3247 appropinquassent,
1981 3191 2057 3232 ex
2085 3174 2267 3250 capti-

247 3267 339 3326 vis
399 3263 617 3324 Caesar
677 3261 969 3337 cognovit,
1028 3261 1568 3338 Vercingetorigem
1632 3273 1987 3340 consumpto
2050 3266 2267 3340 pabulo

248 3367 447 3418 castra
487 3354 737 3413 movisse
780 3353 1020 3428 propius
1049 3352 1357 3410 Avaricum
1395 3363 1574 3428 atque
1607 3353 1799 3429 ipsum
1838 3374 1975 3413 cum
2005 3357 2267 3431 equitatu

249 3445 682 3524 expeditisque,
713 3443 815 3518 qui
841 3443 989 3501 inter
1028 3443 1253 3518 equites
1294 3443 1561 3518 proeliari
1602 3447 2000 3518 consuessent,
2031 3446 2264 3507 insidia-
2294 3461 2356 3513 35

170 3596 172 3598 ,
246 3558 389 3600 rum
418 3554 594 3596 causa
622 3553 695 3594 eo
724 3535 1071 3610 profectum,
1100 3552 1221 3609 quo
1250 3544 1480 3594 nostros
1517 3545 1753 3611 postero
1791 3535 1888 3596 die
1925 3539 2265 3614 pabulatum

72 3653 203 3714 ,ibus
245 3638 535 3692 venturos
583 3626 962 3685 arbitraretur.
1048 3624 1275 3698 Quibus
1323 3625 1498 3684 rebus
1547 3626 1796 3701 cognitis
1843 3627 2041 3688 media
2088 3639 2264 3692 nocte

72 3765 103 3804 e
145 3727 213 3802 ms
249 3721 489 3785 silentio
516 3719 813 3796 profectus
842 3716 917 3775 ad
945 3717 1198 3776 hostiurn
1229 3728 1416 3777 castra
1442 3737 1613 3775 mane
1643 3721 1925 3795 pervenit.
1997 3722 2088 3781 Illi
2109 3724 2246 3782 cele·

72 3854 126 3895 os
155 3818 434 4054 eis&
1235 3859 1291 3898 ιε

450 4173 529 4204 '¹
