2796 4207
511 224 638 289 154
1152 241 1261 294 DE
1312 238 1568 295 BELLO
1621 237 1967 292 GALLICO

598 401 761 478 quod
802 402 1013 461 auxilia
1052 411 1257 461 eontra
1296 419 1361 461 se
1392 401 1660 459 Treveris
1701 401 1994 473 miserant,
2029 400 2224 473 altera,
2261 418 2336 460 ne
2377 400 2457 460 ad
2501 420 2613 461 eos

597 491 899 552 Ambiorix
938 502 1243 569 receptum
1284 492 1541 551 haberet.
1629 492 1744 551 His
1784 491 2112 550 constitutis
2153 492 2326 551 rebus
2361 492 2612 568 paulum

598 601 770 659 supra
824 601 959 642 eum
1014 584 1230 656 locum,
1281 601 1402 660 quo
1446 593 1582 641 ante
1637 582 1958 641 exercitum
2015 580 2363 655 traduxerat,
2411 583 2610 641 facere

597 687 841 753 pontem
868 675 1130 735 instituit.
1217 676 1377 733 Nota
1417 686 1594 750 atque
1635 674 1895 734 instituta
1933 674 2157 733 ratione
2196 692 2413 749 magno
2452 673 2608 732 mili-

545 779 572 832 5
599 778 721 826 tum
756 767 951 826 studio
988 766 1189 843 paucis
1232 765 1440 825 diebus
1482 784 1632 841 opus
1675 764 1934 824 efficitur.
2023 765 2220 824 Firmo
2247 766 2308 823 in
2333 765 2610 824 Treveris

548 874 553 878 ·
598 856 674 916 ad
723 868 967 933 pontem
1011 858 1301 933 praesidio
1345 857 1566 929 relict0,
1612 875 1688 915 ne
1733 856 1863 932 quis
1907 855 1983 916 ab
2030 856 2118 915 his
2167 856 2359 915 subito
2410 865 2612 928 motus

598 959 873 1021 oreretur,
914 950 1161 1026 reliquas
1211 949 1415 1024 copias
1463 948 1903 1023 equitatumque
1953 945 2218 1005 traducit.
2303 947 2462 1019 Ubii,
2508 948 2614 1022 qui

599 1050 733 1098 ante
782 1039 1019 1099 obsides
1066 1039 1353 1098 dederant
1403 1049 1578 1114 atque
1621 1039 1681 1097 in
1723 1038 2088 1098 deditionem
2127 1048 2424 1111 venerant,
2468 1056 2610 1114 pur·

597 1130 775 1207 gandi
804 1132 892 1189 sui
924 1150 1099 1191 causa
1135 1130 1212 1190 ad
1249 1148 1385 1189 eum
1428 1131 1650 1205 legatos
1694 1129 1945 1202 mittunt,
1976 1130 2077 1204 qui
2104 1128 2377 1201 doceant,
2407 1146 2609 1204 neque

515 1238 574 1274 10
597 1223 808 1280 auxilia
848 1240 922 1281 ex
962 1241 1066 1281 sua
1105 1223 1335 1280 civitate
1364 1223 1424 1279 in
1450 1223 1736 1280 Treveros
1777 1221 1953 1279 missa
1993 1238 2187 1297 neque
2225 1220 2301 1279 ab
2329 1237 2391 1278 se
2420 1219 2610 1278 fidem

598 1316 813 1375 laesam
834 1336 853 1389 3
895 1325 1102 1392 petunt
1129 1325 1304 1391 atque
1334 1326 1519 1388 orant,
1549 1325 1614 1373 ut
1642 1315 1751 1373 sibi
1778 1324 1996 1390 parcat,
2027 1332 2103 1373 ne
2133 1314 2434 1372 communi
2461 1311 2610 1372 odio

600 1406 1027 1467 Germanorum
1063 1408 1410 1465 innocentes
1448 1424 1554 1482 pro
1582 1406 1934 1465 nocentibus
1960 1423 2183 1481 poenas
2211 1404 2477 1481 pendant
2496 1424 2515 1479 ;
2559 1406 2611 1463 si

598 1498 847 1573 amplius
901 1497 1175 1556 obsidum
1222 1497 1376 1569 velit,
1433 1496 1572 1555 dare
1628 1496 1994 1572 pollicentur.
2077 1496 2332 1571 Cognita
2385 1496 2610 1555 Caesar

600 1606 776 1647 eausa
814 1588 1045 1664 reperit,
1083 1589 1160 1648 ab
1200 1588 1406 1647 Suebis
1447 1588 1655 1646 auxilia
1697 1587 1872 1645 missa
1912 1603 2038 1645 esse
2060 1606 2079 1660 3
2121 1586 2412 1645 Ubiorum
2442 1587 2606 1645 satis-

516 1696 575 1749 15
607 1679 921 1739 factionem
948 1679 1179 1755 accipit,
1209 1678 1400 1737 aditus
1426 1679 1663 1754 viasque
1691 1678 1753 1736 in
1781 1677 2005 1737 Suebos
2033 1677 2330 1753 perquirit.

680 1772 753 1831 X.
801 1770 1042 1829 Interim
1084 1771 1286 1845 paucis
1328 1778 1463 1845 post
1491 1767 1698 1828 diebus
1725 1768 1789 1827 fit
1817 1769 1892 1828 ab
1921 1768 2091 1828 Ubiis
2120 1767 2348 1841 certior,
2379 1768 2608 1827 Suebos

602 1881 808 1923 omnes
851 1863 910 1921 in
951 1880 1134 1919 unum
1174 1862 1371 1920 locum
1417 1861 1615 1936 copias
1664 1878 1875 1937 cogere
1916 1870 2092 1935 atque
2141 1860 2210 1919 iis
2255 1860 2608 1931 nationibuS,

602 1972 753 2032 quae
782 1954 890 2013 sub
918 1971 1121 2012 eorum
1150 1953 1265 2011 sint
1290 1953 1557 2028 imperio,
1587 1950 1945 2023 denuntiare,
1977 1961 2039 2010 ut
2067 1952 2277 2010 auxilia
2313 1950 2609 2027 peditatus

602 2046 1009 2122 equitatusque
1052 2044 1297 2103 mittant.
1384 2044 1500 2103 His
1537 2043 1784 2118 cognitis
1821 2042 1994 2101 rebus
2022 2060 2146 2100 rem
2175 2042 2610 2100 frumentariam

515 2161 577 2196 20
604 2136 889 2213 providet,
930 2137 1130 2195 castris
1170 2135 1454 2195 idoneum
1495 2135 1691 2193 locum
1733 2133 1969 2209 deligit;
2025 2134 2194 2194 Ubiis
2235 2135 2500 2210 imperat,
2542 2143 2610 2192 ut

602 2246 819 2305 pecora
859 2225 1157 2286 deducant
1188 2244 1410 2301 suaque
1444 2225 1645 2284 omnia
1670 2243 1744 2282 ex
1771 2225 1919 2300 agris
1945 2224 2006 2282 in
2034 2223 2257 2300 oppida
2285 2223 2605 2296 conferant,

603 2337 859 2395 sperans,
889 2317 1163 2376 barbaros
1190 2326 1365 2392 atque
1394 2316 1693 2391 imperitos
1721 2315 1990 2374 homines
2017 2314 2217 2390 inopia
2254 2314 2606 2374 cibariorum

602 2409 892 2468 adductos
920 2407 998 2467 ad
1029 2408 1287 2482 iniquam
1328 2405 1631 2482 pugnandi
1673 2405 2089 2465 condicionem
2128 2423 2304 2481 posse
2347 2404 2564 2465 deduci
2589 2427 2606 2479 3

602 2499 861 2572 mandat,
889 2508 954 2557 ut
990 2499 1225 2558 crebros
1267 2498 1662 2574 exploratores
1700 2497 1760 2555 in
1789 2497 2015 2557 Suebos
2055 2496 2304 2569 mittant,
2334 2511 2607 2573 quaeque

516 2615 575 2668 25
602 2591 763 2668 apud
816 2609 919 2649 eos
973 2598 1260 2666 gerantur,
1316 2598 1696 2664 cognoscant.
1795 2589 1885 2647 Illi
1939 2588 2219 2663 imperata
2274 2587 2494 2645 faciunt
2545 2599 2608 2646 et

603 2684 805 2761 paucis
847 2681 1054 2741 diebus
1101 2681 1438 2740 intermissis
1486 2680 1776 2739 referunt:
1836 2680 2061 2739 Suebos
2102 2696 2328 2751 omnes,
2372 2689 2604 2755 postea·

603 2793 780 2851 quam
810 2773 1083 2832 certiores
1116 2772 1302 2831 nuntii
1332 2771 1408 2830 de
1437 2772 1694 2831 exercitu
1725 2773 2127 2830 Romanorum
2155 2770 2436 2843 venerint,
2467 2789 2604 2830 cum

602 2865 876 2924 omnibus
904 2863 1021 2922 suis
1049 2862 1460 2937 sociorumque
1489 2863 1693 2939 copiis,
1717 2881 1861 2938 quas
1890 2865 2239 2942 coegissent,
2268 2866 2500 2942 penitus
2527 2864 2608 2923 ad

602 2966 893 3014 extremos
928 2953 1073 3012 fines
1111 2971 1173 3012 se
1214 2953 1541 3028 recepisse:
1587 2954 1788 3013 silvam
1829 2973 1956 3015 esse
1999 2956 2079 3016 ibi
2119 2957 2344 3017 infinita
2385 2959 2603 3034 magni·

515 3076 577 3128 30
603 3045 825 3119 tudine,
854 3062 1005 3120 quae
1034 3043 1355 3120 appellatur
1381 3045 1629 3103 Bacenis
1651 3065 1667 3117 3
1711 3045 1864 3104 hanc
1902 3047 2077 3124 longe
2121 3049 2396 3107 introrsus
2430 3048 2604 3124 perti·

604 3155 740 3195 nere
771 3146 829 3195 et
861 3154 970 3211 pro
1003 3136 1197 3193 nativo
1238 3153 1406 3193 muro
1449 3135 1741 3194 obiectam
1771 3137 2099 3197 Cheruscos
2127 3140 2201 3198 ab
2229 3139 2437 3199 Suebis
2465 3139 2604 3198 Sue·

604 3229 827 3304 bosque
855 3227 931 3286 ab
960 3226 1269 3286 Cheruscis
1296 3225 1514 3284 iniuriis
1556 3227 2098 3305 incursionibusque
2139 3229 2485 3305 prohibere:
2527 3231 2607 3289 ad

603 3320 727 3380 eius
755 3319 981 3378 initium
1008 3318 1183 3378 silvae
1211 3318 1436 3377 Suebos
1479 3318 1795 3379 adventum
1823 3323 2226 3381 Romanorum
2269 3331 2604 3398 exspectare

604 3410 988 3470 constituisse.

807 3533 859 3585 Τ
849 3531 919 3586 lte
940 3539 1184 3586 customs
1208 3533 1280 3603 ‘ff
1292 3532 1385 3587 the
1411 3533 1598 3587 Gauls
1621 3533 1745 3587 and
1765 3533 2044 3588 Germans
2068 3534 2406 3588 contras-ted.

518 3647 576 3701 35
683 3641 790 3699 XI.
836 3640 1133 3714 Quoniam
1162 3639 1239 3698 ad
1267 3639 1426 3699 hunc
1462 3640 1660 3699 locum
1698 3649 2036 3716 perventum
2068 3650 2173 3713 est,
2203 3657 2325 3699 non
2353 3639 2602 3699 alienum

606 3749 733 3791 esse
760 3730 1006 3803 videtur,
1036 3728 1113 3789 de
1142 3731 1364 3791 Galliae
1394 3732 1863 3808 Germaniaeque
1902 3731 2158 3791 moribus
2185 3741 2263 3803 et,
2294 3748 2416 3806 quo
2445 3729 2600 3788 diffe-

604 3830 733 3879 rant
759 3820 870 3878 hae
897 3821 1165 3880 nationes
1193 3822 1343 3878 inter
1372 3839 1519 3894 sese,
1547 3839 1898 3898 proponere.
