2796 4207
438 236 563 303 198
1074 256 1183 309 DE
1238 254 1492 309 BELLO
1545 256 1892 310 GAmeo

520 434 705 477 cornu
732 426 1084 495 gererentur,
1114 427 1250 493 post
1276 427 1504 493 tergum
1534 417 1788 476 hostium
1816 417 2111 493 legionem
2147 418 2532 477 ostenderunt

521 508 801 585 signaque
830 509 1161 568 intulerunt.
1246 508 1341 567 Ne
1370 524 1446 566 eo
1475 506 1716 583 quidem
1743 518 2010 584 tempore
2047 509 2354 585 quisquam
2395 511 2530 569 loco

521 599 713 671 cessit,
752 599 860 659 sed
902 599 1281 659 circumventi
1322 590 1530 659 omnes
1571 599 1976 675 interfectique
2019 610 2172 658 sunt.
2259 600 2530 659 Eandem

520 690 810 749 fortunam
866 690 995 750 tulit
1038 689 1495 767 Camulogenus.
1583 692 1662 749 At
1714 691 1772 762 ii,
1821 691 1924 767 qui
1978 690 2271 767 praesidio
2327 700 2531 751 contra

472 792 709 852 scastra
750 781 992 841 Labieni
1040 790 1203 840 erant
1246 781 1452 853 relicti,
1494 799 1632 840 cum
1673 781 1962 857 proelium
2004 782 2385 840 commissum
2427 800 2526 839 au-

520 871 762 943 dissent,
786 870 1047 931 subsidio
1068 872 1185 931 suis
1206 872 1397 930 ierunt
1417 871 1746 947 collemque
1769 880 2072 947 ceperunt,
2091 890 2286 947 neque
2309 882 2530 931 nostro-

520 980 647 1021 rum
670 962 915 1021 militum
935 962 1221 1021 victorum
1242 962 1528 1038 impetum
1559 963 1840 1021 sustinere
1867 972 2202 1039 potuerunt.
2273 963 2368 1021 Sic
2391 980 2527 1019 cum

520 1053 638 1113 suis
660 1053 1013 1129 fugientibus
1042 1052 1329 1129 permixti,
1353 1070 1508 1129 quos
1527 1070 1650 1112 non
1672 1053 1847 1112 silvae
1869 1064 2220 1129 montesque
2241 1062 2526 1125 texerunt,

518 1144 595 1227 ab
622 1143 885 1220 equitatu
914 1153 1048 1203 sunt
1075 1143 1380 1203 interfecti.
1467 1144 1608 1203 Hoc
1649 1145 1888 1221 negotio
1930 1144 2204 1203 consecto
2235 1144 2528 1203 Labienus

436 1258 494 1295 ιο
519 1234 819 1294 revertitur
853 1232 1243 1311 Agedincum,
1283 1234 1382 1293 ubi
1425 1233 1852 1311 impedimenta
1889 1236 2066 1294 totius
2107 1235 2398 1293 exercitus
2438 1251 2526 1292 re-

518 1326 656 1385 licta
684 1334 884 1399 erant3
925 1322 1065 1385 inde
1092 1342 1229 1384 cum
1259 1325 1532 1386 omnibus
1561 1326 1748 1403 copiis
1775 1324 1852 1385 ad
1876 1326 2186 1387 Caesarem
2215 1325 2498 1403 pervenit.

530 1486 643 1541 The
678 1485 864 1541 revolt
896 1485 1131 1541 becomes
1154 1484 1412 1557 general.
1501 1486 1918 1557 Vercingetorix
1953 1485 2006 1539 is
2039 1486 2352 1556 appointed
2385 1502 2527 1539 com·

660 1566 916 1621 munder.
992 1566 1113 1621 His
1144 1566 1380 1637 cavalry
1415 1565 1580 1639 being
1609 1566 1872 1638 defeated
1899 1566 1964 1638 by
2005 1567 2231 1632 Caesar,
2267 1566 2338 1621 lte
2371 1566 2528 1622 takes

660 1650 852 1721 refuge
874 1649 937 1703 in
963 1647 1184 1702 Alesia.

603 1772 832 1832 LXIII.
883 1771 1231 1831 Defectione
1287 1770 1628 1830 Aeduorum
1694 1770 1931 1847 cognita
1987 1771 2204 1831 bellum
2265 1781 2524 1847 augetur.

524 1862 871 1939 Legationes
892 1863 951 1921 in
973 1879 1181 1921 omnes
1200 1871 1393 1938 partes
1413 1862 1981 1935 circummittuntur;
2022 1871 2308 1937 quantum
2327 1862 2525 1939 gratia,

520 1954 881 2025 auctoritate,
904 1953 1157 2029 pecunia
1175 1952 1385 2024 valent,
1411 1952 1490 2011 ad
1518 1952 1909 2011 sollicitandas
1937 1954 2198 2012 civitates
2225 1954 2488 2012 nituntur
2508 1976 2525 2027 3

438 2065 457 2100 ι
468 2064 496 2118 5
520 2045 678 2103 nacti
718 2044 973 2118 obsideS,
1003 2061 1152 2120 quos
1180 2044 1397 2103 Caesar
1425 2042 1586 2120 apud
1615 2060 1718 2102 eos
1745 2042 2114 2121 deposuerat,
2145 2044 2354 2105 horum
2391 2062 2524 2122 sup-

520 2136 697 2214 plicio
739 2135 1071 2196 dubitantes
1112 2135 1386 2195 territant.
1477 2137 1689 2194 Petunt
1729 2153 1766 2193 a
1797 2136 2276 2212 Vercingetorige
2317 2135 2524 2210 Aedui,

519 2237 587 2285 ut
618 2227 695 2286 ad
728 2245 791 2286 se
828 2228 1021 2286 veniat
1060 2227 1431 2302 rationesque
1472 2225 1608 2285 belli
1646 2226 1888 2301 gerendi
1930 2229 2348 2287 communicet.
2433 2229 2527 2286 Re

521 2319 827 2395 impetrata
852 2317 1237 2390 contendunt,
1266 2327 1331 2376 ut
1358 2316 1500 2392 ipsis
1537 2334 1766 2376 summa
1806 2317 2029 2392 imperii
2072 2315 2347 2390 tradatur,
2377 2329 2438 2377 et
2461 2336 2526 2377 re

521 2410 583 2468 in
625 2409 1077 2468 controversiam
1119 2407 1379 2466 deducta
1419 2407 1596 2466 totius
1636 2407 1857 2467 Galliae
1899 2408 2216 2467 concilium
2257 2410 2528 2469 Bibracte

435 2524 497 2562 20
520 2498 816 2561 indicitur.
900 2499 1134 2558 Eodem
1184 2499 1544 2557 conveniunt
1584 2498 1845 2572 undique
1886 2499 2241 2574 frequentes.
2333 2500 2528 2559 Multi-

520 2591 741 2652 tudinis
774 2591 1051 2668 suffragiis
1079 2609 1171 2650 res
1198 2590 1587 2676 permittitur3
1627 2589 1706 2649 ad
1747 2609 1930 2649 unum
1973 2608 2182 2650 omnes
2209 2591 2527 2666 Vercinge—

520 2685 768 2762 torigem
809 2684 1061 2759 probant
1100 2683 1530 2758 imperatorem.
1612 2681 1709 2739 Ab
1736 2679 1852 2738 hoc
1881 2680 2133 2741 concilio
2164 2683 2358 2753 Remi,
2391 2682 2528 2741 Lin-

520 2793 724 2852 goneS,
764 2774 1001 2832 Treveri
1050 2773 1356 2846 afuerunt;
1413 2772 1524 2851 illi,
1553 2769 1718 2847 quod
1762 2771 2077 2830 amicitiam
2121 2773 2526 2832 Romanorum

521 2867 953 2944 sequebantur3
993 2865 1249 2936 Treveri,
1279 2863 1444 2939 quod
1484 2863 1724 2922 aberant
1763 2862 1992 2938 longius
2026 2872 2087 2921 et
2113 2863 2190 2922 ab
2219 2865 2530 2924 Germanis

437 2973 496 3026 25
521 2958 954 3035 premebantur,
990 2973 1143 3030 quae
1184 2953 1291 3014 fuit
1330 2971 1528 3025 causa,
1571 2971 1751 3029 quare
1794 2962 1918 3011 toto
1961 2953 2234 3013 abessent
2273 2954 2430 3014 bello
2471 2965 2530 3012 et

522 3052 738 3110 neutris
786 3049 997 3108 auxilia
1043 3049 1357 3107 mitterent.
1459 3049 1682 3124 Magno
1731 3046 1936 3105 dolore
1983 3045 2179 3105 Aedui
2227 3048 2420 3107 ferunt
2465 3067 2528 3106 se

521 3142 785 3201 deiectos
832 3139 1179 3216 principatu,
1224 3147 1546 3217 queruntur
1591 3138 1858 3196 fortunae
1906 3139 2430 3199 commutationem
2471 3148 2529 3197 et

523 3231 787 3294 Caesaris
815 3229 1235 3308 indulgentiam
1262 3231 1323 3289 in
1350 3248 1414 3290 se
1443 3230 1760 3307 requirunt,
1790 3246 1985 3305 neque
2019 3238 2220 3287 tamen
2254 3241 2527 3307 suscepto

521 3325 676 3385 bello
724 3341 893 3382 suum
942 3323 1248 3382 consilium
1297 3322 1373 3380 ab
1419 3321 1654 3396 reliquis
1709 3338 1976 3396 separare
2005 3319 2270 3380 audent.
2357 3322 2530 3381 Inviti

436 3435 499 3488 30
524 3433 784 3476 summae
826 3414 951 3491 spei
993 3412 1416 3484 adulescentes,
1447 3410 1816 3488 Eporedorix
1852 3423 1912 3470 et
1937 3411 2357 3486 ViridomaruS,
2385 3415 2525 3473 Ver-

523 3505 864 3582 cingetorigi
890 3515 1113 3580 parent.

607 3597 815 3655 LXIV.
861 3595 997 3669 Ipse
1039 3596 1285 3669 imperat
1322 3594 1558 3669 reliquis
1599 3594 1926 3653 civitatibus
1967 3594 2206 3655 obsides
2249 3595 2524 3672 diemque

526 3687 661 3744 huic
688 3688 771 3743 rei
799 3687 1131 3756 constituit3
1175 3703 1382 3742 omnes
1411 3686 1655 3760 equites,
1679 3706 1755 3743 xv
1785 3687 1940 3745 milia
1966 3706 2235 3761 numero,
2265 3689 2526 3749 celeriter

526 3775 839 3831 convenire
894 3773 1068 3831 iubet.
1155 3772 1442 3844 Peditatu,
1487 3792 1664 3848 quem
1721 3786 1896 3834 antea
1949 3778 2248 3850 habuerat,
2299 3799 2364 3838 se
2407 3782 2522 3840 fore
