2796 4207
398 168 482 232 54
1033 184 1143 237 DE
1195 182 1447 238 BELLo
1500 184 1842 237 GAmeo
2392 159 2414 262 ’ς
2724 224 2745 265 ,

487 348 692 407 meliae
721 346 984 408 oblivisci
1010 346 1199 420 vellet,
1223 363 1366 405 num
1393 346 1569 404 etiam
1597 348 1917 405 recentium
1946 347 2298 421 iniuriarum,
2322 322 2492 425 quffi

485 460 559 503 eo
614 443 794 502 invito
835 442 944 501 iter
994 459 1101 517 per
1145 441 1505 517 provinciam
1550 458 1655 515 per
1702 441 1818 499 vim
1874 451 2272 518 temptassent,
2320 445 2485 520 quod

483 535 742 609 AeduOS,
772 534 935 611 quod
963 534 1294 607 Ambarros,
1323 534 1487 609 quod
1526 533 1863 610 Allobrogas
1905 547 2227 609 vexassent,
2260 556 2481 597 memo-

483 630 625 688 riam
678 628 978 704 deponere
1024 628 1240 703 posse?
1338 626 1521 701 Quod
1561 646 1675 687 -sua
1721 628 1961 687 victoria
2005 639 2123 687 tam
2168 630 2483 690 insolenter

425 739 452 793 5
480 722 872 799 gloriarentur,
901 712 1180 797 quodque
1223 730 1343 779 tam
1376 720 1479 779 diu
1513 738 1575 779 se
1605 721 1845 796 impune
1874 722 2105 780 iniurias
2146 723 2341 782 tulisse
2382 724 2481 782 ad-
2738 722 2745 823 j

481 816 835 889 mirarentur,
867 813 1082 873 eodem
1115 814 1423 889 pertinere.
1508 815 1838 873 Consuesse
1882 815 2039 873 enim
2069 815 2215 875 deos
2245 817 2476 876 immor·
2742 824 2745 837 ¹

480 908 638 982 tales,
670 926 790 983 quo
823 909 1047 985 gravius
1081 907 1350 966 homines
1388 926 1462 966 ex
1503 908 1961 967 commutatione
1991 927 2183 967 rerum
2222 909 2478 983 doleant,

478 1020 628 1078 quos
668 1020 776 1078 pro
820 1001 1038 1061 scelere
1081 1018 1284 1060 eorum
1327 1002 1525 1061 ulcisci
1554 1002 1748 1075 velint,
1781 1001 1868 1061 his
1898 1002 2275 1062 secundiores
2304 1005 2475 1063 inter-
2578 1073 2581 1077 ,
2742 964 2745 1055 i

387 1102 407 1161 ‚'
479 1096 622 1155 dum
654 1115 746 1155 res
781 1105 840 1155 et
878 1094 1296 1155 diuturniorem
1335 1096 1741 1171 impunitatem
1780 1097 2127 1156 concedere.
2217 1098 2368 1158 Cum
2408 1116 2504 1157 ea-
2549 1130 2560 1135 -

395 1210 452 1245 10
478 1192 555 1249 ita
583 1191 715 1263 sint,
738 1200 953 1263 tamen,
977 1190 1024 1248 si
1051 1189 1287 1249 obsides
1309 1190 1384 1249 ab
1413 1190 1496 1249 eis
1524 1190 1632 1249 sibi
1663 1189 1889 1263 dentur,
1916 1192 1997 1250 uti
2026 1210 2113 1263 ea,
2138 1191 2289 1268 qu'ae
2318 1193 2478 1267 polli-

477 1294 735 1356 ceantur,
765 1283 1018 1343 sacturos
1047 1283 1358 1359 intellegat,
1389 1293 1449 1342 et
1476 1285 1524 1343 si
1552 1283 1771 1343 Aeduis
1802 1284 1922 1343 de
1908 1285 2141 1357 iniuriis,
2166 1304 2310 1361 quas
2340 1286 2476 1361 ipsis

478 1375 766 1451 sociisque
801 1394 1012 1479 forum
1048 1374 1358 1446 intulerint,
1397 1375 1538 1433 item
1576 1376 1625 1435 si
1665 1375 2071 1450 Allobrogibus
2108 1376 2475 1449 satisfaciant,

477 1486 606 1527 sese
651 1468 912 1526 cumleis
955 1484 1166 1542 pacem
1201 1483 1329 1525 esse
1366 1467 1667 1525 facturum.
1754 1468 1964 1525 Divico
1998 1468 2335 1543 respondit·
2388 1469 2479 1527 Ita

481 1558 814 1618 Helvetios
811 1577 848 1617 a
873 1557 1186 1620 maioribus
1203 1557 1319 1617 suis
1342 1558 1631 1616 institutos
1654 1574 1799 1628 esse,
1825 1558 1903 1615 uti
1928 1557 2164 1617 obsides
2188 1560 2472 1635 accipere,

394 1670 447 1723 15
477 1668 596 1709 non
653 1650 814 1723 dare,
872 1650 1240 1709 consuerint:
1301 1650 1424 1708 eius
1480 1650 1560 1708 rei
1616 1650 1898 1725 populum
1957 1651 2291 1709 Romanum
2348 1668 2474 1710 esse

477 1751 706 1801 testem.
793 1742 934 1801 Hoc
961 1759 1245 1816 responso
1275 1739 1417 1800 dato
1446 1740 1727 1799 discessit.

555 1833 684 1891 XV.
729 1834 970 1892 Postero
1011 1831 1107 1890 die
1149 1841 1334 1890 castra
1377 1849 1451 1889 ex
1488 1848 1563 1891 eo
1607 1831 1741 1891 loco
1784 1841 2038 1890 movent.
2124 1832 2294 1891 Idem
2340 1834 2476 1891 facit

479 1928 696 1985 Caesar
723 1924 1162 2000 equitatumque
1192 1940 1449 1994 omnem,
1478 1922 1557 1982 ad
1589 1940 1896 1981 numerum
1934 1932 2205 1998 quattuor
2233 1923 2532 1996 milium—‚x

475 2036 652 2094 quem
672 2038 744 2077 ex
761 2020 925 2078 omni
942 2018 1243 2095 provincia
1259 2028 1317 2076 et
1338 2016 1559 2075 Aeduis
1581 2026 1756 2093 atque
1784 2034 1987 2076 eorum
2010 2016 2183 2075 sociis
2202 2026 2475 2074 coactum
2535 2010 2682 2063 Ν

388 2121 449 2158 20
476 2111 747 2186 habebat,
789 2111 1122 2188 praemittit,
1167 2111 1266 2186 qui
1308 2109 1564 2182 videant,
1607 2127 1751 2185 quas
1793 2109 1851 2167 in
1894 2118 2085 2184 partes
2127 2108 2325 2167 hostes
2369 2108 2479 2166 iter

475 2203 707 2262 faciant.
812 2203 932 2277 Qui
975 2201 1244 2278 cupidius
1289 2201 1667 2260 novissimum
1716 2219 1927 2276 agmen
1983 2200 2229 2259 insecuti
2284 2200 2475 2258 alieno
2597 2217 2626 2242 ψ·

474 2296 608 2354 loco
653 2315 789 2354 cum
847 2295 1106 2371 equitatu
1157 2294 1563 2352 Helvetiorum
1618 2293 1905 2368 proelium
1950 2293 2359 2365 committunt3
2417 2303 2477 2352 et

473 2388 648 2462 pauci
677 2385 753 2446 de
781 2387 992 2446 nostris
1021 2385 1258 2444 cadunt.
1349 2385 1488 2459 Quo
1516 2384 1738 2459 proelio
1768 2384 1974 2443 sublati
2006 2383 2281 2455 Helvetii,
2312 2384 2475 2460 quod

472 2479 802 2556 quingentis
844 2479 1133 2554 equitibus
1175 2487 1393 2536 tantam
1424 2476 1851 2535 multitudinem
1897 2476 2159 2551 equitum
2201 2476 2473 2552 propule-

386 2579 444 2632 25
471 2579 616 2642 rant,
647 2570 924 2629 audacius
967 2569 1274 2628 subsistere
1317 2586 1760 2644 nonnumquam
1800 2579 1859 2626 et
1898 2568 2214 2626 novissimo
2244 2569 2475 2644 agmine
2648 2491 2693 2836 ι

471 2663 696 2738 proelio
739 2671 966 2720 nostros
1008 2661 1290 2720 lacessere
1335 2670 1675 2736 coeperunt.
1760 2660 1975 2720 Caesar
2010 2677 2149 2718 suos
2176 2678 2211 2716 a
2251 2660 2473 2734 proelio

472 2753 830 2823 continebat,
874 2771 943 2810 ac
989 2752 1124 2810 satis
1181 2751 1434 2810 habebat
1474 2752 1535 2809 in
1576 2752 1904 2826 praesentia
1954 2751 2183 2808 hostem
2239 2751 2473 2825 rapiniS,

471 2843 937 2919 pabulationibus
966 2843 1555 2918 populationibusque
1579 2841 1905 2918 prohibere.
1980 2841 2071 2898 Ita
2098 2840 2224 2899 dies
2248 2841 2475 2899 circiter

473 2933 810 3009 quindecim
843 2935 948 2992 iter
976 2933 1253 3005 fecerunt,
1283 2934 1364 2991 uti
1391 2935 1543 2991 inter
1568 2933 1947 2990 novissimum
1979 2932 2233 2991 hostium
2262 2950 2473 3008 agmen
2653 2926 2677 2982 ’ἒ

386 3041 447 3090 30
473 3033 533 3082 et
559 3034 820 3082 nostrum
851 3025 1101 3099 primum
1130 3043 1252 3083 non
1281 3025 1527 3100 amplius
1556 3023 1746 3098 quinis
1774 3031 1873 3082 aut
1900 3023 2055 3082 senis
2084 3024 2313 3082 milibus
2341 3041 2469 3099 pas·
2668 3087 2685 3106 ‘-

475 3136 642 3176 suum
673 3117 992 3176 interesset.
2670 3105 2703 3210 ξ

319 3195 346 3213 Ὗ

507 3277 560 3330 T
551 3276 620 3330 lte
644 3277 839 3330 Aedui
859 3278 1064 3348 neglect
1086 3283 1142 3332 to
1165 3277 1332 3348 bring
1341 3278 1559 3348 gratim·
1593 3277 1806 3331 Caesar
1828 3277 2019 3330 learns
2044 3279 2119 3348 of
2128 3277 2442 3346 dzirloyalty.
2682 3213 2721 3344 ξ
2742 3337 2745 3360 ἡ

553 3401 713 3459 XVI.
774 3401 1013 3459 Interim
1063 3400 1280 3460 cotidie
1332 3401 1547 3461 Caesar
1595 3401 1834 3461 Aeduos
1890 3403 2262 3475 frumentum,
2309 3400 2472 3478 quod

475 3501 668 3550 essent
695 3491 924 3567 publice
954 3491 1213 3567 polliciti,
1243 3491 1526 3567 flagitare„
1602 3494 1759 3552 Nam
1787 3503 2026 3569 propter
2054 3494 2279 3570 frigora,
2308 3491 2471 3568 quod

475 3582 662 3644 Gallia
689 3583 797 3642 sub
827 3583 1331 3657 septentrionibuS,
1355 3592 1420 3641 ut
1447 3591 1581 3642 ante
1610 3583 1833 3643 dictum
1863 3595 1967 3656 est,
1998 3585 2187 3659 posita
2214 3593 2319 3655 est,
2351 3602 2470 3642 non

387 3680 446 3734 35
474 3672 658 3732 modo
687 3674 974 3730 frumenta
1001 3673 1061 3730 in
1089 3674 1236 3747 agris
1267 3683 1491 3731 matura
1518 3692 1637 3732 non
1667 3685 1845 3746 erant,
1871 3673 1982 3732 sed
2010 3692 2085 3732 ne
2114 3674 2314 3750 pabuli
2344 3675 2467 3750 qui-

475 3763 614 3825 dem
644 3764 779 3821 satis
807 3781 1020 3838 magna
1046 3763 1219 3837 copia
1239 3764 1622 3839 suppetebat;
1652 3782 1725 3823 eo
1754 3774 1949 3824 autern
1978 3765 2285 3836 frumento,
2310 3765 2473 3839 quod

2354 4059 2745 4138 ml
