2796 4207
440 222 565 289 166
1112 237 1219 291 DE
1274 237 1528 324 313140
1581 236 1927 291 GALL1co

525 399 917 477 appellabant,
956 398 1246 475 siquidem
1289 416 1364 458 ex
1405 399 1608 458 castris
1650 396 1850 474 egredi
1891 416 2014 457 non
2055 398 2274 471 liceret,
2313 400 2538 459 nullum

525 489 814 551 eiusmodi
844 508 1046 550 casum
1074 500 1438 567 exspectans,
1469 508 1609 566 qu0,
1638 508 1853 549 novem
1894 490 2179 565 oppositis
2207 488 2535 565 legionibus

526 582 899 658 maximoque
942 582 1201 657 equitatu
1244 580 1518 658 dispersis
1561 599 1631 639 ac
1675 598 1864 657 paene
1907 579 2114 640 deletis
2157 580 2438 653 hostibuS,
2469 582 2533 639 in

525 672 755 732 milibus
783 690 1060 749 passuum
1102 672 1282 731 tribus
1317 671 1536 731 offendi
1579 681 1798 748 posset,
1829 672 2088 748 quinque
2117 671 2388 730 cohortes
2417 672 2532 730 fru-

465 782 492 837 5
528 774 851 823 mentatum
898 763 959 822 in
1008 763 1301 839 proximas
1350 772 1578 839 segetes
1621 764 1814 835 mittit,
1864 780 2008 838 quas
2052 763 2202 821 inter
2243 771 2304 820 et
2346 772 2538 821 castra

520 874 670 914 unus
711 855 955 914 omnino
987 854 1147 913 collis
1176 855 1465 912 intererat.
1534 853 1882 930 Complures
1911 863 2074 912 erant
2101 870 2177 912 ex
2205 853 2531 929 legionibus

518 946 676 1022 aegri
702 946 923 1019 relicti;
968 963 1041 1004 ex
1069 945 1279 1021 quibus
1307 946 1408 1021 qui
1437 944 1554 1004 hoc
1588 946 1778 1021 spatio
1821 944 2047 1003 dierum
2089 944 2521 1016 convaluerant,

520 1037 749 1095 circiter
794 1053 922 1107 cce,
968 1036 1076 1095 sub
1123 1035 1331 1094 vexillo
1388 1054 1506 1094 una
1559 1036 1902 1109 mittuntur,
1960 1052 2172 1111 magna
2226 1044 2528 1111 praeterea

522 1127 836 1186 multitudo
878 1127 1168 1200 calonum,
1204 1145 1418 1203 magna
1455 1128 1539 1186 vis
1581 1128 1991 1199 iumentorum,
2030 1144 2182 1201 quae
2226 1127 2287 1185 in
2329 1127 2528 1185 castris

434 1240 493 1277 ιο
518 1217 915 1289 subsederant,
945 1218 1100 1277 facta
1126 1226 1415 1294 potestate
1445 1218 1716 1294 sequitur.

596 1310 903 1369 XXXVII.
953 1311 1094 1368 Hoc
1149 1310 1279 1385 ipso
1335 1319 1600 1386 tempore
1653 1318 1713 1367 et
1766 1328 1908 1368 casu
1963 1309 2244 1369 Germani
2299 1309 2526 1384 equites

516 1401 905 1459 interveniunt
946 1401 1323 1477 protinusque
1362 1400 1577 1459 eodem
1616 1400 1731 1471 illo,
1763 1417 1882 1475 quo
1911 1409 2207 1470 venerant,
2237 1416 2409 1457 cursu
2451 1400 2527 1458 ab

517 1490 847 1551 decumana
885 1501 1052 1568 porta
1078 1492 1140 1550 in
1168 1502 1354 1551 castra
1379 1492 1696 1567 irrumpere
1728 1499 2031 1559 conantur,
2061 1507 2173 1548 nec
2201 1490 2358 1564 prius
2387 1500 2522 1548 sunt

516 1582 622 1642 visi
648 1583 893 1642 obiectis
921 1583 997 1642 ab
1025 1600 1095 1641 ea
1123 1593 1286 1659 parte
1315 1582 1486 1655 silviS‚
1517 1600 1696 1658 quam
1725 1582 1925 1640 castris
1963 1581 2520 1657 appropinquarent,

434 1684 489 1738 15
517 1691 701 1751 usque
737 1692 811 1733 eo
850 1683 930 1746 ut,
969 1674 1071 1750 qui
1108 1673 1217 1732 sub
1246 1674 1393 1732 vallo
1437 1672 1745 1733 tenderent
1785 1683 2159 1744 mercatoreS,
2197 1670 2524 1748 recipiendi

517 1765 606 1823 sui
654 1765 986 1823 facultatem
1031 1783 1154 1823 non
1209 1764 1507 1824 haberent.
1596 1766 1664 1823 In
1673 1764 1980 1840 opinantes
2036 1763 2218 1823 nostri.
2262 1780 2326 1821 re
2373 1780 2529 1821 nova

516 1855 935 1930 perturbantur,
987 1874 1057 1913 ac
1098 1855 1196 1914 vix
1242 1856 1496 1930 primum
1546 1856 1831 1931 impetum
1895 1855 2107 1914 cohors
2159 1854 2222 1913 'n
2277 1854 2528 1913 statione

516 1946 776 2005 sustinet.
862 1945 1420 2007 Circumfunduntur
1473 1964 1547 2005 ex
1600 1946 1837 2022 reliquis
1894 1947 2091 2006 hostes
2146 1947 2424 2022 partibus,
2469 1947 2516 2005 si

516 2055 693 2114 quem
721 2037 944 2096 aditum
972 2039 1224 2115 reperire
1252 2047 1510 2115 possent.
1594 2040 1782 2115 Aegre
1811 2049 2008 2116 portas
2038 2039 2217 2098 nostri
2245 2049 2515 2112 tuentur3

430 2150 491 2187 κο
514 2130 766 2206 reliquos
794 2129 984 2188 aditus
1011 2131 1175 2189 locus
1203 2131 1327 2206 ipse
1356 2147 1464 2205 per
1489 2147 1552 2189 se
1582 2131 1946 2206 munitioque
1985 2130 2269 2190 defendit.
2351 2131 2518 2190 Totis

514 2220 834 2296 trepidatur
855 2222 1070 2293 castris,
1093 2232 1267 2297 atque
1290 2221 1432 2280 alius
1455 2239 1530 2280 ex
1550 2222 1664 2280 alio
1687 2241 1923 2282 causam
1947 2222 2226 2281 tumultus
2254 2223 2480 2298 quaerit
2501 2243 2518 2295 3

515 2329 708 2387 neque
734 2330 853 2388 quo
876 2314 1039 2388 signa
1060 2313 1330 2384 ferantur,
1352 2330 1546 2388 neque
1575 2331 1753 2388 quam
1776 2315 1836 2372 in
1858 2324 2083 2389 partem
2105 2314 2352 2390 quisque
2377 2331 2516 2373 con-

514 2404 724 2475 veniat,
763 2403 1089 2479 provident.
1172 2404 1332 2462 Alius
1373 2405 1492 2462 iarn
1533 2414 1718 2463 castra
1759 2415 1934 2480 capta
1975 2406 2330 2481 pronuntiat,
2375 2405 2517 2464 alius

516 2492 711 2552 deleto
762 2496 1017 2554 exercitu
1066 2504 1241 2570 atque
1289 2495 1638 2571 imperatore
1681 2496 1928 2554 victores
1971 2496 2246 2556 barbaros
2287 2497 2515 2556 venisse

429 2611 489 2664 25
516 2584 821 2644 contendit
839 2607 856 2659 3
911 2586 1173 2661 plerique
1228 2604 1411 2645 novas
1467 2586 1577 2645 sibi
1625 2604 1698 2645 ex
1748 2587 1882 2646 loco
1937 2587 2246 2662 religiones
2296 2587 2522 2663 fingunt

517 2674 845 2751 Cottaeque
888 2687 947 2734 et
988 2676 1192 2736 Titurii
1232 2678 1640 2749 calamitatem,
1684 2679 1784 2753 qui
1827 2679 1888 2736 in
1931 2677 2146 2737 eodem
2196 2677 2520 2736 occiderint

516 2767 770 2837 castelle,
793 2776 929 2824 ante
953 2768 1154 2826 oculos
1179 2777 1424 2842 ponunt.
1492 2769 1621 2827 Tali
1650 2769 1857 2827 timore
1887 2770 2156 2827 omnibus
2186 2768 2515 2843 perterritis,

517 2856 891 2915 confirmatur
930 2858 1130 2932 opinio
1171 2859 1446 2930 barbariS,
1476 2871 1540 2918 ut
1570 2877 1643 2917 ex
1670 2861 1902 2935 captivo
1941 2858 2264 2930 audierant,
2296 2859 2515 2917 nullum

517 2964 644 3006 esse
687 2947 841 3006 intus
883 2948 1252 3023 praesidium.
1342 2952 1721 3025 Perrumpere
1765 2950 2023 3008 nituntur
2062 2968 2242 3024 seque
2278 2950 2392 3025 ipsi
2419 2949 2519 3008 ad-

430 3069 491 3122 30
517 3037 835 3110 hortantur,
865 3057 940 3097 ne
969 3050 1186 3098 tantam
1215 3041 1505 3099 fortunam
1535 3058 1610 3098 ex
1638 3041 1906 3098 manibus
1934 3039 2245 3099 dimittant.

596 3132 937 3190 XXXVIII.
984 3132 1122 3189 Erat
1155 3149 1329 3207 aeger
1364 3150 1499 3189 cum
1531 3129 1820 3205 praesidio
1849 3131 2081 3189 relictus
2112 3129 2348 3190 Publius
2379 3130 2516 3190 Sex·

519 3226 631 3284 tius
660 3226 927 3296 BaculuS,
957 3225 1057 3299 qui
1098 3225 1351 3299 primum
1391 3224 1572 3298 pilum
1607 3223 1684 3282 ad
1713 3224 2024 3283 Caesarem
2063 3223 2325 3297 duxerat,
2355 3223 2518 3282 cuius

518 3318 878 3375 mentionem
920 3314 1309 3391 superioribus
1346 3315 1580 3389 proeliis
1614 3315 1878 3387 fecimus,
1907 3334 1977 3373 ac
2007 3314 2164 3374 diem
2200 3315 2317 3373 iam
2350 3313 2512 3390 quin-

518 3418 644 3466 tum
685 3407 821 3466 cibo
862 3415 1138 3465 caruerat.
1227 3406 1347 3464 Hic
1390 3404 1611 3464 diffisus
1654 3425 1791 3464 suae
1835 3416 2007 3481 atque
2043 3407 2314 3464 omniurn
2347 3405 2510 3465 saluti

432 3528 491 3585 35
518 3499 752 3558 inermis
781 3516 855 3557 ex
881 3496 1257 3557 tabernaculo
1298 3495 1496 3571 prodit
1516 3517 1532 3569 ;
1575 3496 1752 3566 videt,
1782 3497 2083 3555 imminere
2114 3496 2314 3556 hostes
2343 3505 2512 3572 atque

518 3590 581 3648 in
609 3607 840 3648 summo
870 3606 996 3647 esse
1029 3605 1153 3645 rem
1189 3585 1560 3644 discrimine:
1607 3587 1764 3661 capit
1791 3605 1950 3644 arma
1976 3605 2012 3644 a
2039 3586 2316 3663 proximis
2345 3597 2516 3663 atque

520 3679 582 3737 in
634 3689 805 3754 porta
858 3677 1133 3735 consistit.
1247 3675 1702 3752 Consequuntur
1756 3676 1912 3734 hunc
1967 3677 2340 3738 centuriones
2396 3677 2512 3736 eius

522 3768 795 3840 cohortis,
826 3784 976 3842 quae
1005 3766 1065 3824 in
1093 3764 1343 3824 statione
1378 3776 1536 3839 erat3
1578 3766 1872 3843 paulisper
1897 3785 2014 3826 una
2041 3769 2328 3844 proelium
2357 3767 2512 3826 susti-
