2796 4207
481 224 607 292 178
1116 243 1226 297 Dr:
1276 243 1531 299 BELLO
1581 240 1929 299 GAmeo

566 406 701 465 riter
726 422 834 483 per
860 406 1253 482 exploratores
1281 405 1538 465 adventu
1560 405 1824 466 Caesaris
1847 405 2302 482 cognito'carros
2321 403 2574 483 impedi-

566 507 881 575 mentaque
910 516 1017 557 sua
1042 498 1103 557 in
1136 498 1375 558 artiores
1416 499 1583 558 silvas
1625 497 1995 571 abdiderunt,
2035 500 2238 575 copias
2278 499 2468 559 omnis
2509 498 2578 557 in

564 588 700 650 loco
723 589 885 649 edito
912 599 1088 666 atque
1116 600 1321 665 aperto
1349 590 1759 648 instruxerunt.
1833 590 1970 665 Qua
1988 608 2051 649 re
2073 591 2338 649 nuntiata
2355 590 2579 649 Caesar

566 680 829 741 celeriter
856 681 1109 739 sarcinas
1137 681 1385 739 conferri
1414 700 1576 739 arma
1601 680 1863 758 expediri
1893 680 2072 740 iussit.

512 787 540 841 5
644 773 809 832 ΧΙΧ.
854 772 1033 831 Collis
1054 783 1176 832 erat
1197 772 1404 830 leniter
1421 772 1498 831 ab
1519 772 1720 831 infimo
1743 772 1994 830 acclivis,
2069 772 2253 829 Hunc
2283 788 2356 829 ex
2383 772 2578 830 omni-

564 862 673 923 bus
701 864 819 922 fere
850 864 1107 939 partibus
1136 863 1301 938 palus
1327 862 1576 921 difficilis
1603 873 1779 938 atque
1818 861 2104 938 impedita
2135 862 2409 937 cingebat
2446 880 2578 921 non

562 954 732 1013 latior
766 953 1017 1031 pedibus
1051 955 1492 1031 quinquaginta.
1579 956 1720 1013 Hoc
1747 972 1810 1012 se
1839 954 1988 1012 colle
2019 954 2350 1028 interruptis
2376 952 2579 1029 ponti-

562 1044 672 1105 bus
702 1046 853 1105 Galli
882 1046 1099 1105 fiducia
1131 1047 1247 1104 loci
1286 1046 1666 1105 continebant
1705 1044 2142 1121 generatimque
2183 1043 2472 1103 distributi
2513 1044 2579 1102 in

563 1135 824 1195 civitates
873 1138 1073 1196 omnia
1112 1136 1265 1195 vada
1304 1156 1375 1195 ac
1419 1137 1596 1195 saltus
1638 1135 1762 1193 eius
1809 1134 2038 1211 paludis
2083 1134 2442 1205 obtinebant,
2489 1135 2584 1193 sic

480 1246 540 1283 10
564 1228 762 1286 animo
790 1228 993 1303 parati,
1024 1238 1105 1301 ut,
1136 1228 1183 1287 si
1214 1246 1341 1285 eam
1373 1225 1652 1302 paludem
1681 1226 1938 1284 Romani
1979 1241 2352 1301 perrumpere
2392 1242 2580 1284 cona-

562 1328 778 1390 rentur,
809 1318 1157 1377 haesitantes
1202 1326 1533 1393 premerent
1565 1334 1640 1374 ex
1674 1316 1810 1374 loco
1851 1316 2165 1391 superiore,
2196 1325 2276 1386 ut,
2307 1316 2408 1391 qui
2437 1332 2580 1391 pro·

563 1409 949 1485 pinquitatem
979 1409 1093 1467 loci
1114 1409 1355 1480 videret,
1384 1417 1618 1483 paratos
1645 1424 1830 1481 prope
1859 1423 2053 1481 aequo
2075 1407 2266 1463 Marte
2295 1404 2372 1464 ad
2403 1404 2582 1465 dimi-

564 1499 821 1560 candum
864 1500 1233 1571 existimaret,
1265 1499 1367 1575 qui
1394 1498 1760 1574 iniquitatem
1791 1496 2156 1555 condicionis
2191 1496 2584 1572 perspiceret,

563 1590 722 1650 inani
771 1591 1137 1650 simulatione
1186 1608 1313 1649 sese
1360 1598 1653 1648 ostentare
1705 1597 2104 1663 cognosceret.
2190 1585 2583 1663 Indignantes

481 1709 501 1746 1
511 1708 539 1762 5
564 1682 774 1741 milites
798 1683 1029 1753 Caesar,
1055 1681 1217 1756 quod
1240 1689 1626 1756 conspectum
1650 1698 1820 1738 suum
1841 1678 2038 1737 hostes
2061 1678 2311 1753 perferre
2331 1689 2586 1753 possent
2611 1719 2620 1729 -

564 1774 790 1832 tantulo
812 1774 1002 1849 spatio
1024 1772 1345 1844 interiecto,
1368 1783 1429 1831 et
1449 1773 1678 1847 signum
1700 1770 1904 1847 proelii
1929 1780 2316 1846 exposcentes
2337 1767 2581 1843 edocet,

564 1873 786 1941 quanto
815 1864 1169 1923 detrimento
1198 1874 1257 1922 et
1286 1862 1435 1938 qiiot
1461 1864 1716 1922 virorum
1744 1861 1976 1920 fortium
2004 1872 2194 1919 morte
2228 1878 2476 1919 necesse
2506 1862 2583 1919 sit

564 1965 831 2015 constare
860 1955 1200 2027 victoriam3
1243 1972 1393 2029 quos
1435 1973 1574 2012 cum
1617 1954 1701 2011 sic
1741 1953 1938 2011 animo
1981 1962 2214 2027 paratos
2251 1950 2472 2024 videat,
2515 1961 2584 2010 ut

565 2047 786 2106 nullum
815 2064 922 2123 pro
951 2064 1055 2105 sua
1082 2044 1254 2103 laude
1294 2044 1619 2121 periculum
1660 2052 1949 2116 recusent,
1979 2060 2240 2101 summae
2269 2060 2332 2101 se
2361 2042 2578 2119 iniqui-

480 2156 542 2194 20
567 2138 697 2198 tatis
739 2137 1118 2196 condemnari
1160 2136 1397 2208 debere,
1429 2137 1540 2194 nisi
1569 2153 1772 2194 eorum
1800 2135 1978 2193 vitam
2011 2153 2116 2192 sua
2149 2133 2331 2192 salute
2361 2133 2582 2192 habeat

568 2229 868 2287 cariorem.
949 2229 1043 2286 Sic
1073 2227 1280 2285 milites
1308 2227 1643 2285 consolatus
1671 2226 1887 2285 eodem
1914 2225 2012 2284 die
2040 2224 2269 2283 reducit
2295 2224 2356 2283 in
2384 2235 2582 2284 castra

568 2319 922 2396 reliquaque,
953 2336 1105 2394 quae
1143 2316 1221 2376 ad
1263 2318 1763 2394 oppugnationem
1804 2316 2174 2392 pertinebant
2213 2315 2437 2392 oppidi,
2468 2315 2577 2374 ad·

568 2410 885 2468 ministrare
915 2409 1172 2467 instituit.

646 2502 775 2560 XX.
817 2499 1276 2575 Vercingetorix,
1320 2517 1458 2557 cum
1499 2499 1577 2558 ad
1618 2517 1753 2558 suos
1794 2498 2054 2570 redisset,
2097 2498 2443 2575 proditionis
2488 2501 2576 2559 in·

478 2615 542 2670 ²5
567 2591 884 2663 simulatus,
907 2590 1072 2666 quod
1099 2600 1286 2648 castra
1314 2590 1554 2666 propius
1584 2591 1886 2648 Romanos
1917 2591 2210 2664 movisset,
2241 2590 2406 2666 quod
2433 2609 2575 2651 cum

568 2683 731 2741 omni
767 2682 1029 2759 equitatu
1071 2679 1449 2752 discessisset,
1479 2680 1643 2756 quod
1686 2681 1810 2739 sine
1853 2681 2100 2756 imperio
2141 2691 2328 2741 tantas
2369 2684 2577 2759 copias

566 2773 906 2849 reliquisset,
937 2771 1101 2848 quod
1130 2772 1253 2830 eius
1280 2771 1544 2831 discessu
1574 2772 1828 2831 Romani
1855 2782 2015 2831 tanta
2051 2773 2487 2849 opportunitate
2517 2784 2577 2833 et

568 2864 861 2923 celeritate
881 2864 1179 2922 venissent
1197 2883 1214 2936 3
1258 2881 1381 2922 non
1403 2863 1551 2922 haec
1571 2865 1773 2922 omnia
1791 2864 2024 2922 fortuito
2045 2874 2145 2922 aut
2172 2865 2295 2923 sine
2325 2866 2576 2924 consilio

567 2954 835 3014 accidere
877 2955 1135 3031 potuisse
1158 2975 1176 3027 3
1218 2973 1462 3030 regnum
1497 2955 1656 3013 illum
1686 2955 1908 3015 Galliae
1937 2955 2106 3014 malle
2135 2956 2402 3015 Caesaris
2430 2974 2571 3016 con-

480 3064 544 3116 30
569 3064 736 3106 cessu
779 3064 956 3121 quam
997 3046 1257 3122 ipsorum
1299 3046 1515 3104 habere
1557 3047 1885 3105 beneficio:
1930 3047 2027 3105 tali
2057 3045 2240 3106 modo
2268 3057 2574 3106 accusatus

569 3139 646 3198 ad
694 3139 841 3198 haec
895 3139 1233 3216 respondit:
1294 3139 1477 3214 Quod
1525 3149 1713 3198 castra
1757 3140 2050 3211 movisset,
2099 3141 2318 3199 factum
2374 3141 2574 3218 inopia

570 3230 766 3307 pabuli
808 3230 982 3289 etiam
1025 3231 1164 3306 ipsis
1206 3231 1602 3304 hortantibus3
1646 3232 1808 3308 quod
1851 3232 2088 3308 propius
2132 3233 2438 3292 Romanos
2479 3251 2572 3290 ac-

569 3321 854 3394 cessisset,
884 3339 1221 3397 persuasum
1266 3323 1380 3380 loci
1425 3323 1877 3399 opportunitate,
1908 3321 2006 3397 qui
2037 3339 2100 3380 se
2129 3322 2252 3398 ipse
2286 3331 2353 3381 ut
2385 3323 2570 3381 muni-

570 3413 729 3473 tione
773 3412 1154 3486 defenderet‚·
1200 3414 1462 3490 equitum
1489 3431 1628 3472 vero
1666 3431 1906 3489 operam
1939 3431 2134 3489 neque
2163 3414 2222 3472 in
2250 3414 2384 3474 loco
2413 3414 2570 3490 palu-

482 3523 544 3576 35
571 3504 671 3564 stri
699 3502 1013 3563 desiderari
1043 3503 1315 3564 debuisse
1344 3515 1404 3565 et
1433 3506 1546 3565 illic
1569 3505 1740 3564 fuisse
1769 3505 1989 3577 utilem,
2014 3523 2134 3581 quo
2163 3505 2278 3564 sint
2305 3503 2566 3581 profecti.

572 3597 870 3655 Summam
900 3596 1129 3673 imperii
1158 3615 1221 3656 se
1250 3598 1518 3657 consulto
1545 3597 1685 3655 nulli
1713 3595 2120 3655 discedentem
2151 3595 2474 3668 tradidisse,
2495 3612 2567 3654 ne

572 3686 620 3743 is
660 3686 1047 3744 multitudinis
1088 3687 1281 3745 studio
1322 3686 1400 3744 ad
1442 3686 1841 3745 dimicandum
1884 3687 2274 3762 impelleretur
2293 3707 2312 3760 3
2353 3687 2450 3746 cui
2488 3684 2566 3745 rei

572 3785 811 3850 propter
852 3776 1028 3832 animi
1062 3775 1363 3832 mollitiem
1396 3774 1630 3834 studere
1659 3793 1864 3835 omnes
1891 3775 2133 3849 videret,
2163 3776 2329 3852 quod
2354 3776 2564 3836 diutius
