2796 4207
630 742 1422 812 COMMENTARIUS
1485 741 2016 808 SECUNDUS.

774 1113 891 1167 All
909 1111 1001 1184 tlte
1023 1111 1237 1182 Belgae
1257 1113 1373 1166 risc
1396 1112 1628 1184 against
1655 1111 1876 1164 Caesar.

398 1241 427 1297 Ι
434 1285 448 1298 .
493 1240 637 1299 CUM
678 1247 834 1296 esset
864 1237 1083 1296 Caesar
1122 1236 1185 1296 in
1228 1237 1494 1294 citeriore
1525 1235 1714 1295 Gallia
1745 1235 1806 1293 in
1842 1234 2114 1306 hibernis,
2144 1235 2224 1293 ita
2251 1235 2334 1293 uti

314 1348 491 1406 supra
522 1327 1070 1406 demonstravimus,
1102 1326 1289 1385 crebri
1330 1326 1407 1384 ad
1451 1344 1586 1384 eum
1627 1343 1889 1384 rumores
1931 1325 2332 1397 afferebantur,

315 1420 635 1495 litterisque
676 1421 817 1478 item
860 1418 1106 1478 Labieni
1148 1418 1361 1478 certior
1401 1417 1595 1488 fiebat,
1635 1433 1842 1475 omnes
1885 1416 2112 1492 BelgaS,
2155 1433 2334 1490 quam
2403 1479 2416 1488 ‚

314 1511 549 1568 tertiam
585 1528 712 1569 esse
742 1511 964 1571 Galliae
1010 1519 1238 1586 partem
1281 1508 1634 1579 dixeramus,
1664 1516 1868 1564 contra
1895 1506 2180 1582 populum
2211 1507 2330 1564 Ro-

318 1619 561 1660 manum
588 1601 887 1660 coniurare
925 1600 1281 1676 obsidesque
1310 1599 1463 1657 inter
1491 1617 1553 1656 se
1583 1596 1741 1656 dare.
1826 1596 2188 1657 Coniurandi
2230 1597 2334 1656 has
2364 1621 2390 1673 5

319 1710 448 1750 esse
502 1711 743 1751 causas:
812 1692 1087 1768 primum,
1144 1690 1311 1768 quod
1367 1699 1718 1760 vererentur,
1777 1706 1852 1746 ne
1909 1688 2070 1745 omni
2125 1698 2334 1763 pacata

318 1783 505 1843 Gallia
548 1782 626 1841 ad
674 1800 779 1842 eos
827 1781 1119 1842 exercitus
1164 1793 1363 1842 noster
1405 1780 1836 1852 adduceretur3
1893 1778 2128 1849 deinde,
2169 1779 2334 1854 quod

314 1876 393 1934 ab
432 1874 725 1933 nonnullis
766 1875 947 1934 Gallis
990 1874 1448 1945 sollicitarentur,
1491 1870 1700 1948 partim
1744 1870 1863 1946 qui,
1906 1878 1972 1928 ut
2006 1871 2334 1930 Germanos

314 1965 530 2024 diutius
571 1965 633 2022 in
662 1965 851 2025 Gallia
881 1967 1095 2025 versari
1136 1966 1460 2034 noluerant,
1480 1996 1490 2015 x
1507 1963 1586 2021 ita
1625 1962 1830 2038 populi
1870 1961 2130 2020 Romani
2170 1979 2331 2020 exer-

244 2134 251 2139 ·
314 2057 497 2115 citum
524 2055 783 2117 hiemare
812 2066 988 2133 atque
1017 2057 1438 2115 inveterascere
1468 2055 1527 2113 in
1559 2053 1749 2115 Gallia
1776 2053 2020 2113 moleste
2051 2053 2332 2125 ferebant,
2365 2069 2425 2105 10

314 2148 525 2223 partim
554 2148 657 2223 qui
684 2147 1005 2206 mobilitate
1035 2158 1094 2205 et
1132 2148 1363 2206 levitate
1406 2146 1586 2205 animi
1629 2146 1794 2205 novis
1836 2145 2094 2223 imperiis
2136 2144 2330 2205 stude—

312 2238 495 2312 bant3
552 2238 629 2297 ab
676 2239 969 2297 nonnullis
1020 2239 1213 2310 etiam,
1264 2236 1430 2313 quod
1479 2236 1540 2295 in
1589 2238 1778 2297 Gallia
1825 2256 1860 2295 a
1908 2237 2332 2315 potentioribus

315 2339 491 2405 atque
520 2329 623 2401 eiS,
652 2328 754 2403 qui
782 2328 861 2387 ad
901 2328 1325 2389 conducendos
1367 2328 1637 2388 homines
1678 2328 1979 2387 facultates
2021 2327 2331 2400 habebant,

242 2483 245 2485 ,
315 2421 489 2497 vulgo
522 2437 705 2495 regna
730 2422 1189 2495 occupabantur,
1220 2422 1321 2496 qui
1349 2422 1542 2481 minus
1570 2421 1737 2479 facile
1767 2437 1899 2478 eam
1927 2437 2052 2477 rem
2084 2418 2332 2495 imperio

316 2521 515 2570 nostro
544 2512 831 2587 consequi
858 2521 1146 2587 poterant.
2069 2508 2073 2511 *
2363 2532 2381 2567 1
2395 2532 2421 2584 5

382 2682 479 2735 He
503 2679 760 2734 marchas
782 2681 1012 2751 qus'ckly
1039 2687 1094 2735 to
1119 2679 1269 2735 their
1290 2684 1593 2753 tem‘tory,·
1631 2681 1724 2737 the
1746 2682 1918 2736 Remi
1935 2682 2258 2735 surrender.

400 2798 483 2863 11'.
528 2805 643 2865 His
670 2805 887 2864 nuntiis
922 2806 1240 2881 litterisque
1286 2817 1617 2867 commotus
1644 2808 1864 2867 Caesar
1889 2806 2037 2865 duas
2071 2807 2331 2883 legiones

318 2897 379 2954 in
406 2896 671 2955 citeriore
701 2896 891 2955 Gallia
929 2915 1111 2955 novas
1153 2898 1499 2973 conscripsit
1540 2908 1602 2957 et
1641 2900 1782 2958 inita
1821 2908 2060 2972 aestate,
2089 2899 2150 2957 in
2185 2899 2328 2957 inte-

315 2987 529 3059 riorem
579 2987 823 3047 Galliam
882 2988 983 3063 qui
1039 2987 1378 3060 deduceret,
1431 2990 1718 3063 Quintum
1776 2990 2024 3049 Pedium
2077 2990 2332 3066 legatum

316 3078 488 3136 misit.
574 3078 731 3153 Ipse,
782 3097 919 3137 curn
967 3080 1220 3155 primum
1271 3080 1468 3155 pabuli
1511 3082 1686 3156 copia
1733 3100 1859 3140 esse
1907 3082 2208 3158 inciperet,
2255 3080 2332 3139 ad

314 3170 641 3228 exercitum
661 3170 837 3229 venit.
922 3170 1043 3227 Dat
1070 3170 1368 3271 negotium
1394 3172 1723 3231 Senonibus
1751 3172 2102 3247 reliquisque
2131 3171 2330 3244 Gallis,
2361 3194 2421 3229 20

317 3260 420 3335 qui
464 3260 693 3318 finitimi
738 3260 930 3336 Belgis
980 3269 1163 3329 erant,
1210 3228 1292 3317 uti
1344 3278 1430 3332 ea,
1482 3280 1632 3336 quae
1682 3260 1840 3337 apud
1890 3280 1994 3320 eos
2041 3270 2330 3336 gerantur,

318 3365 681 3427 cognoscant
720 3372 901 3431 seque
946 3354 1023 3413 de
1068 3354 1157 3411 his
1198 3354 1371 3413 rebus
1413 3356 1717 3414 certiorem
1755 3356 1982 3413 saciant.
2071 3355 2156 3412 Hi
2191 3373 2332 3412 con-

319 3452 535 3503 stanter
574 3463 781 3504 omnes
824 3446 1253 3516 nuntiaverunt,
1284 3464 1490 3505 manus
1534 3446 1682 3521 cogi,
1715 3446 2031 3504 exercitum
2058 3445 2119 3502 in
2149 3462 2328 3502 unum

318 3535 515 3595 locum
572 3537 848 3598 conduci.
942 3539 1099 3598 Tum
1144 3556 1284 3596 vero
1341 3537 1730 3597 dubitandum
1786 3556 1908 3595 non
1965 3536 2328 3607 existimavit,

320 3626 463 3702 quin
518 3626 594 3686 ad
657 3648 760 3688 eos
824 3630 1307 3705 proficisceretur.
1423 3630 1514 3687 Re
1570 3628 1940 3687 frumentaria
1997 3626 2334 3702 comparata
2361 3640 2420 3691 25

320 3727 509 3777 castra
534 3729 732 3778 movet
760 3720 1085 3797 diebusque
1116 3721 1345 3779 circiter
1374 3719 1711 3794 quindecim
1742 3718 1818 3778 ad
1848 3720 1994 3778 fines
2025 3718 2331 3793 Belgarum

322 3810 601 3883 pervenit.
