2796 4207
1003 198 1151 251 Lus.
1199 196 1244 250 1.
1289 198 1457 251 cAP.
1497 196 1783 251 x1-X1v.
2360 159 2519 253 03³

341 346 510 421 Batur
563 362 911 437 Tigurinus:
973 378 1110 418 nam
1167 362 1358 419 omnis
1409 361 1609 419 civitas
1656 360 1928 419 Helvetia
1977 362 2036 421 in
2082 372 2355 438 quattuor

342 472 525 528 pagos
555 453 738 512 divisa
767 462 874 511 est.
951 452 1074 511 Hic
1101 469 1284 527 pagus
1314 470 1480 523 unuS‚
1506 469 1641 509 cum
1671 450 1853 511 domo
1882 453 2091 511 exisset
2119 464 2347 528 patrum

339 554 668 604 nostrorum
699 543 999 615 memoria,
1023 544 1088 602 L.
1115 544 1382 602 Cassium
1414 542 1716 603 consulem
1747 544 2109 603 interfecerat
2138 554 2198 603 et
2226 546 2349 605 eius

339 636 657 694 exercitum
703 635 812 694 sub
859 635 1059 711 iugum
1109 634 1358 693 miserat.
1447 634 1538 693 Ita
1586 635 1705 692 sive
1753 652 1891 693 casu
1941 635 2059 693 sive
2104 636 2347 695 consilio

337 725 586 785 deorum
614 725 1043 797 immortalium,
1072 742 1225 801 quae
1266 742 1398 801 pars
1437 723 1681 783 civitatis
1710 724 2018 783 Helvetiae
2060 725 2345 800 insignem
2376 758 2401 809 5

337 818 726 876 calamitatem
782 817 1004 893 populo
1050 818 1325 874 Romano
1371 815 1658 888 intulerat,
1694 833 1767 875 ea
1808 817 2077 891 princeps
2122 833 2345 891 poenas

336 908 627 983 persolvit.
715 908 852 982 Qua
879 910 939 966 in
965 925 1027 965 re
1058 908 1275 966 Caesar
1313 924 1437 965 non
1477 905 1667 966 solum
1709 906 1988 981 publicaS,
2018 906 2125 965 sed
2166 908 2341 967 etiam

335 1002 584 1077 privatas
626 1002 858 1062 iniurias
900 1002 1051 1060 ultus
1081 1010 1188 1073 est,
1221 999 1383 1075 quod
1427 1000 1552 1059 eius
1580 1000 1768 1061 soceri
1799 1001 1863 1059 L.
1898 1000 2121 1059 Pisonis
2150 1019 2339 1073 avum,

336 1094 403 1151 L.
441 1094 716 1152 Pisonem
756 1094 1028 1169 legatum,
1057 1092 1319 1169 Tigurini
1363 1091 1578 1151 eodem
1620 1091 1862 1167 proeli0,
1890 1110 2011 1169 quo
2052 1092 2339 1167 Cassium,
2422 1122 2429 1138 =

333 1184 758 1243 interfecerant.
2373 1178 2443 1237 10'

415 1277 590 1335 XIII.
637 1278 776 1335 Hoc
819 1265 1043 1351 proelio
1093 1276 1249 1335 facto
1294 1276 1544 1350 reliquas
1584 1274 1785 1349 copias
1825 1273 2232 1333 Helvetiorum
2276 1286 2341 1335 ut

333 1368 615 1443 consequi
653 1378 870 1443 posset,
901 1376 1146 1444 pontem
1175 1368 1238 1425 in
1265 1368 1442 1425 Arare
1472 1363 1807 1424 faciendum
1836 1375 2013 1437 curat,
2044 1375 2219 1442 atque
2259 1368 2338 1425 ita

333 1459 652 1518 exercitum
695 1457 966 1517 traducit.
1053 1458 1313 1516 Helvetii
1354 1457 1664 1533 repentino
1707 1456 1830 1515 eius
1872 1456 2127 1515 adventu
2172 1476 2332 1517 com—

331 1550 492 1621 moti,
522 1567 659 1607 cum
693 1548 775 1623 id,
805 1548 970 1623 quod
1005 1549 1115 1624 ipsi
1149 1548 1358 1607 diebus
1387 1565 1473 1606 xx
1502 1547 1818 1623 aegerrime
1848 1547 2241 1627 confecerant,
2272 1560 2359 1608 ut-

331 1639 549 1699 flumen
591 1639 916 1710 transirent,
946 1640 1106 1697 illum
1149 1658 1270 1698 uno
1297 1638 1394 1697 die
1426 1639 1632 1697 fecisse
1662 1637 2081 1713 intellegerent,
2113 1640 2333 1716 legatos
2366 1666 2421 1717 15

331 1732 408 1791 ad
451 1752 588 1791 eum
634 1733 910 1817 mittunt,
953 1733 1118 1791 cuius
1160 1732 1465 1808 legationis
1507 1732 1717 1791 Divico
1756 1731 2027 1807 princeps
2070 1731 2194 1805 fuit,
2231 1734 2331 1809 qui

330 1824 485 1884 bello
515 1825 798 1885 Cassiano
829 1823 951 1883 dux
977 1824 1388 1883 Helvetiorum
1429 1824 1631 1883 fuerat.
1719 1824 1779 1882 Is
1807 1824 1887 1882 ita
1916 1842 2053 1881 cum
2081 1825 2331 1884 Caesare

329 1916 482 1991 egit:
528 1916 586 1974 Si
627 1932 839 1990 pacem
877 1914 1130 1991 populus
1171 1915 1478 1974 Romanus
1516 1934 1653 1973 curu
1685 1914 1971 1973 Helvetiis
2007 1912 2242 1988 fac'eret,
2271 1918 2331 1976 in

327 2023 460 2065 eam
488 2017 714 2083 partem
743 2008 924 2068 ituros
953 2016 1129 2082 atque
1157 2007 1240 2067 ibi
1261 2008 1483 2065 futuros
1504 1994 1829 2079 Helvetios,
1847 2007 1963 2067 'ubi
1991 2025 2094 2079 eos
2117 1998 2333 2068 Caesar

325 2100 720 2160 constituisset
747 2107 923 2178 atque
953 2118 1081 2160 esse
1107 2100 1384 2160 voluisset
1406 2122 1423 2173 3
1462 2100 1551 2160 sin
1577 2099 1732 2160 bello
1760 2100 2033 2177 persequi
2060 2102 2327 2178 perseve'-
2358 2127 2420 2164 20

325 2201 494 2266 taret,
520 2192 986 2251 reminisceretur
1027 2201 1088 2250 et
1113 2193 1321 2250 veteris
1349 2191 1714 2251 incommodi
1747 2192 1950 2268 populi
1976 2194 2234 2254 Romani
2270 2205 2329 2255 et

324 2287 601 2362 pristinae
623 2287 844 2346 virtutis
869 2287 1294 2356 Helvetiorum.
1319 2359 1322 2362 .
1365 2286 1547 2362 Quod
1576 2287 1890 2362 improviso
1908 2306 2091 2347 unum
2111 2307 2329 2366 pagum

323 2377 563 2438 adortus
604 2388 776 2450 esset,
795 2379 944 2460 ’cuum
986 2378 1058 2450 ei,
1088 2378 1204 2460 *qui
1243 2377 1469 2438 flumen
1510 2378 1864 2452 transissent,
1896 2379 2013 2438 suis
2052 2381 2328 2440 auxilium

323 2470 470 2528 ferre
498 2487 622 2530 non
649 2477 908 2545 possent,
933 2487 1010 2528 ne
1033 2469 1112 2528 ob
1143 2487 1273 2526 eam
1301 2487 1428 2527 rem
1455 2477 1556 2527 aut
1584 2487 1722 2531 suae
1752 2487 2108 2546 magnopere
2138 2472 2328 2534 virtuti

279 2635 283 2637 ι
321 2561 600 2626 tribueret
625 2569 726 2618 aut
753 2559 913 2636 ipsos
942 2559 1272 2635 despiceret
1294 2580 1310 2632 ;
1347 2577 1410 2618 se
1440 2560 1519 2618 ita
1546 2580 1583 2617 a
1608 2560 1867 2635 patribus
1897 2561 2326 2638 maioribusque
2354 2583 2383 2620 2
2390 2584 2419 2637 5

320 2652 439 2712 suis
475 2651 772 2723 didicisse,
801 2660 867 2710 ut
903 2651 1086 2726 magis
1113 2651 1320 2709 virtute
1363 2655 1541 2726 q‘uam
1580 2650 1721 2712 dolo
1762 2651 2191 2711 contenderent
2229 2664 2329 2713 aut

321 2740 544 2801 insidiis
583 2742 920 2801 niterentur.
1005 2741 1200 2815 Quare
1243 2760 1320 2800 ne
1359 2742 1770 2814 committeret,
1814 2752 1879 2801 ut
1915 2743 1961 2802 is
2004 2743 2187 2814 loeuS‚
2228 2745 2327 2804 ubi

319 2835 735 2909 constitissent,
781 2851 858 2894 ex
899 2853 972 2892 ca
1027 2835 1225 2894 mitate
1269 2835 1475 2911 populi
1525 2835 1781 2892 Romani
1829 2845 1890 2894 et
1943 2836 2325 2896 internicione

228 2964 234 2968 -
319 2927 606 2986 exereitus
633 2943 856 2986 nomen
883 2935 1121 3002 caperet
1147 2935 1248 2984 aut
1273 2925 1617 2986 memoriam
1646 2911 1939 3001 proderet.

327 3106 476 3178 They
501 3107 670 3177 reject
695 3107 950 3162 Caesar's
973 3106 1300 3172 conditiora,
1330 3107 1457 3161 and
1461 3107 1665 3161 marck
1693 3125 1803 3171 mv,-
1846 3107 1894 3160 C
1889 3124 2053 3162 aesar
2060 3107 2315 3179 follows.

398 3231 560 3290 XIV.
598 3232 712 3290 His
735 3231 952 3291 Caesar
979 3231 1060 3290 ita
1085 3231 1387 3308 respondit
1413 3253 1421 3288 :
1465 3232 1555 3290 Eo
1586 3231 1694 3291 sibi
1724 3232 1915 3290 minus
1944 3231 2322 3291 dubitationis
2350 3247 2431 3296 30-
2448 3221 2466 3241 s

319 3320 463 3396 dari,
509 3321 673 3398 quod
717 3340 816 3380 eas
858 3341 969 3396 reS,
1019 3340 1164 3398 quas
1213 3323 1384 3398 legati
1439 3321 1697 3380 Helvetii
1742 3332 2319 3395 commemorassent,
2520 3319 2529 3326 ’

319 3413 602 3472 memoria
641 3423 880 3488 teneret,
912 3423 1088 3489 atque
1132 3432 1205 3472 eo
1246 3414 1473 3490 gravius
1514 3414 1679 3485 ferre,
1716 3432 1835 3489 quo
1876 3415 2069 3472 minus
2113 3414 2321 3472 merito

318 3503 522 3580 populi
549 3505 805 3564 Romani
832 3504 1220 3577 accidissent,
1265 3505 1365 3579 qui
1404 3505 1451 3562 si
1489 3505 1729 3563 alicuius
1757 3504 1995 3563 iniuriae
2026 3506 2131 3564 sibi
2174 3522 2317 3564 con-

319 3593 472 3653 scius
512 3594 728 3668 fuisset,
770 3613 890 3654 non
933 3595 1106 3653 fuisse
1149 3594 1381 3654 difficile
1426 3612 1669 3668 cavere,
1714 3594 1819 3653 sed
1863 3613 1935 3653 eo
1979 3594 2315 3671 deceptum,

319 3687 482 3762 quod
537 3705 730 3764 neque
781 3689 1160 3748 commissum
1205 3709 1242 3747 a
1296 3707 1358 3747 se
1415 3689 1791 3764 intellegeret,
1833 3707 2013 3764 quare
2068 3689 2315 3762 titueret,
2346 3708 2404 3762 35

319 3797 510 3858 neque
539 3782 663 3840 sine
693 3799 868 3840 causa
894 3780 1219 3841 timendum
1249 3779 1495 3857 putare‘t.
1582 3780 1763 3856 Quod
1806 3781 1852 3840 si
1880 3781 2087 3840 veteris
2116 3791 2317 3840 contu·
2391 3794 2396 3799 “
