2796 4207
492 228 619 293 210
1128 248 1237 302 DE
1292 248 1549 304 BELLO
1606 249 1841 303 GALLI
1851 250 1952 303 CO

648 404 921 463 LXXXV
926 406 1007 463 ΙΙ.
1054 406 1237 465 Mittit
1278 407 1471 483 primo
1521 408 1762 467 Brutum
1814 407 2258 469 adulescentem
2297 429 2434 468 cum
2483 429 2577 469 co·

570 494 830 555 hortibus
878 498 1113 570 Caesar,
1170 508 1304 575 post
1347 518 1486 557 cum
1535 500 1659 560 aliis
1715 500 1931 559 Gaium
1989 501 2236 561 Fabium
2289 501 2580 577 legatum3

568 596 868 663 postremo
913 589 1055 663 ipse,
1105 607 1243 649 cum
1282 589 1686 649 vehementius
1734 602 2101 667 pugnaretur,
2155 592 2413 668 integros
2454 593 2580 650 sub·

566 675 721 737 sidio
774 678 1029 737 adducit.
1128 681 1424 740 Restituto
1471 682 1694 757 proelio
1749 700 1821 741 ac
1874 683 2118 757 repulsis
2174 681 2439 741 hostibus
2495 701 2584 753 e0,

511 781 539 837 5
568 784 689 845 quo
746 768 1069 829 Labienum
1124 772 1376 843 miserat,
1433 771 1780 845 contendit;
1853 774 2128 833 cohortes
2184 784 2464 849 quattuor
2517 792 2587 831 ex

566 858 833 934 proximo
874 862 1111 919 castello
1151 861 1412 935 deducit,
1442 864 1706 938 equitum
1747 874 1973 939 partem
2017 882 2081 924 se
2129 865 2317 940 sequi,
2361 874 2590 941 partem

566 950 870 1009 circumire
919 954 1233 1012 exteriores
1287 954 1642 1013 munitiones
1691 965 1749 1013 et
1789 956 1864 1013 ab
1912 964 2078 1031 tergo
2127 955 2328 1015 hostes
2375 954 2592 1013 adorin'

566 1041 743 1101 iubet.
858 1044 1165 1117 LabienuS,
1222 1056 1536 1121 postquam
1598 1064 1794 1121 neque
1849 1064 2090 1122 aggeres
2144 1064 2342 1121 neque
2401 1046 2590 1104 fossae

564 1133 683 1191 vim
727 1133 981 1193 hostium
1022 1136 1305 1194 sustinere
1353 1146 1639 1212 poterant,
1684 1136 1904 1195 coactis
1945 1155 2063 1194 una
2101 1154 2183 1195 xl,
2225 1136 2590 1204 cohortibuS,

480 1246 541 1283 ro
565 1240 710 1301 quas
750 1242 825 1283 ex
866 1227 1141 1300 proximis
1184 1226 1485 1303 praesidiis
1527 1226 1814 1285 deductas
1857 1228 1972 1285 fors
2015 1228 2242 1299 obtulit,
2275 1228 2592 1287 Caesarem

564 1334 673 1392 per
698 1318 933 1375 nuntios
962 1318 1097 1376 facit
1124 1320 1452 1389 certiorem,
1472 1318 1614 1394 quid
1644 1319 1977 1378 faciendum
2007 1320 2320 1379 existimet.
2406 1320 2590 1377 Acce-

562 1407 707 1467 lerat
734 1408 966 1479 Caesar,
997 1420 1061 1466 ut
1088 1410 1313 1484 proelio
1342 1410 1580 1467 intersit.

649 1500 1037 1558 LXXXVIII.
1084 1500 1224 1559 Eius
1266 1499 1522 1558 adventu
1565 1518 1638 1559 ex
1666 1502 1864 1559 colore
1893 1502 2132 1559 vestitus
2175 1501 2446 1577 cognito,
2477 1518 2593 1577 quo

566 1589 774 1665 insigni
802 1590 861 1648 in
903 1590 1134 1665 proeliis
1163 1591 1247 1650 uti
1289 1601 1616 1662 consuerat,
1645 1593 1964 1667 turmisque
1995 1593 2258 1668 equitum
2287 1602 2348 1650 et
2375 1591 2590 1651 cohor-

481 1690 541 1745 15
564 1684 719 1743 tibus
746 1683 898 1756 visiS,
922 1703 1065 1761 quas
1086 1704 1150 1744 se
1178 1686 1344 1760 sequi
1370 1685 1629 1757 iusserat,
1653 1696 1718 1743 ut
1746 1685 1823 1743 de
1850 1686 1994 1744 locis
2017 1686 2416 1762 superioribus
2447 1686 2592 1744 haec

565 1776 811 1837 declivia
838 1788 898 1837 et
926 1778 1151 1837 devexa
1191 1779 1595 1846 cernebantur,
1626 1778 1824 1837 hostes
1865 1780 2151 1854 proelium
2185 1781 2582 1838 committunt.

567 1870 873 1948 Utrimque
912 1871 1163 1929 clamore
1206 1870 1452 1941 sublate,
1483 1870 1699 1945 excipit
1726 1888 1918 1928 rursus
1946 1888 2020 1927 ex
2061 1870 2210 1927 vallo
2254 1879 2438 1945 atque
2468 1888 2588 1927 om-

564 1962 736 2022 nibus
777 1962 1196 2021 munitionibus
1238 1961 1473 2019 clamor.
1561 1961 1759 2019 Nostri
1802 1962 2028 2019 omissis
2057 1961 2186 2036 pilis
2231 1960 2442 2036 gladiis
2470 1978 2586 2019 rem

564 2062 788 2129 gerunt.
873 2054 1143 2128 Repente
1185 2062 1319 2129 post
1360 2062 1586 2128 tergum
1625 2052 1918 2127 equitatus
1967 2052 2258 2125 cernitur3
2316 2052 2589 2111 cohortes

478 2161 541 2199 20
563 2145 708 2204 aliae
736 2146 1224 2221 appropinquant.
1297 2145 1522 2204 Hostes
1552 2153 1713 2219 terga
1731 2153 2001 2216 vertunt3
2045 2144 2400 2220 fugientibus
2433 2142 2587 2219 equi·

564 2247 654 2296 tes
680 2247 1010 2296 occurrunt.
1089 2237 1181 2295 Fit
1208 2255 1424 2312 magna
1448 2234 1682 2293 caedes,
1766 2234 2048 2306 SeduliuS,
2079 2234 2202 2293 dux
2229 2245 2290 2293 et
2318 2235 2588 2310 princeps

568 2328 969 2399 Lemovicum,
1012 2326 1337 2400 occiditur3
1386 2325 1955 2384 Vercassivellaunus
1994 2327 2287 2384 Arvernus
2326 2327 2495 2384 vivus
2535 2325 2586 2381 in

565 2420 701 2495 fuga
754 2417 1273 2494 comprehenditur
1290 2439 1308 2490 ;
1378 2416 1544 2493 signa
1597 2416 1862 2474 militaria
1903 2417 2273 2493 septuaginta
2322 2427 2590 2491 quattuor

566 2509 644 2568 ad
686 2509 995 2570 Caesarem
1039 2509 1397 2581 referuntur;
1443 2506 1616 2583 pauci
1658 2525 1731 2565 ex
1771 2517 1937 2566 tanto
1977 2524 2225 2566 numero
2267 2525 2332 2565 se
2368 2507 2585 2565 incolu-

480 2624 541 2678 25
567 2618 694 2660 mes
733 2600 796 2659 in
836 2610 1025 2658 castra
1070 2599 1372 2675 recipiunt.
1458 2598 1802 2673 Conspicati
1845 2616 1920 2656 ex
1964 2596 2192 2674 oppido
2241 2597 2495 2664 caedem
2535 2605 2588 2654 et

566 2694 763 2769 fugam
805 2709 1044 2751 suorum
1086 2688 1392 2765 desperata
1433 2688 1615 2747 salute
1650 2689 1852 2764 copias
1893 2708 1930 2748 a
1955 2689 2380 2748 munitionibus
2421 2687 2585 2748 redu-

567 2793 726 2843 cunt.
813 2783 905 2840 Fit
945 2781 1209 2856 protinus
1243 2780 1354 2839 hac
1393 2797 1457 2837 re
1486 2778 1688 2838 audita
1727 2797 1802 2837 ex
1841 2780 2046 2837 castris
2089 2779 2397 2839 Gallorum
2439 2779 2582 2854 fuga.

568 2874 751 2951 Quod
777 2873 888 2932 nisi
915 2871 1128 2931 crebris
1157 2870 1427 2930 subsidiis
1455 2888 1525 2928 ac
1557 2870 1736 2929 totius
1772 2868 1890 2928 diei
1916 2869 2115 2929 labore
2155 2870 2370 2929 milites
2400 2877 2587 2928 essent

568 2965 801 3037 defessi,
830 2981 1037 3023 omnes
1078 2962 1330 3021 hostium
1365 2961 1573 3036 copiae
1617 2959 1798 3020 deleri
1836 2961 2179 3036 potuissent.
2265 2962 2362 3018 Dc
2399 2958 2588 3018 media

480 3093 546 3144 30
568 3068 744 3118 nocte
767 3057 973 3115 missus
1002 3054 1291 3130 equitatus
1318 3052 1702 3111 novissimum
1729 3069 1944 3128 agmen
1973 3051 2390 3126 consequitur3
2434 3067 2582 3124 mag·

569 3169 679 3208 nus
706 3165 983 3207 numerus
1016 3146 1243 3222 capitur
1274 3155 1449 3219 atque
1479 3143 1836 3217 interficitur,
1866 3143 2074 3218 reliqui
2109 3161 2184 3201 ex
2210 3142 2350 3218 fuga
2367 3141 2429 3200 in
2455 3139 2580 3198 civi-

570 3253 717 3302 tates
745 3238 1073 3300 discedunt.

652 3332 972 3392 LXXXIX.
1018 3331 1259 3388 Postero
1316 3325 1414 3385 die
1468 3325 1911 3401 Vercingetorix
1963 3323 2212 3384 consilio
2267 3329 2582 3382 convocato

570 3425 632 3486 id
660 3425 875 3487 bellum
918 3441 980 3482 se
1024 3419 1347 3496 suscepisse
1390 3434 1512 3475 non
1542 3434 1774 3474 suarum
1817 3416 2251 3486 necessitatum,
2281 3413 2388 3472 sed
2431 3429 2580 3470 com-

482 3541 513 3590 3
519 3540 547 3592 5
570 3518 762 3578 munis
809 3514 1083 3575 libertatis
1122 3528 1300 3570 causa
1345 3507 1724 3580 demonstrat,
1775 3516 1838 3566 et
1881 3505 2162 3581 quoniam
2211 3505 2286 3564 sit
2332 3504 2578 3563 fortunae

572 3607 927 3677 cedendum,
966 3604 1042 3664 ad
1082 3612 1388 3676 utramque
1430 3617 1554 3658 rem
1592 3615 1656 3657 se
1697 3597 1804 3656 illis
1842 3595 2068 3668 offerre,
2115 3613 2220 3655 seu
2261 3604 2449 3654 morte
2485 3607 2580 3651 sua

578 3696 861 3754 Romanis
914 3693 1240 3751 satisfacere
1296 3708 1400 3748 seu
1449 3689 1647 3747 vivum
1695 3688 1924 3747 tradere
1979 3686 2177 3747 velint.
2283 3687 2578 3745 Mittuntur

574 3783 649 3839 de
696 3783 783 3838 his
829 3783 999 3838 rebus
1048 3779 1123 3836 ad
1164 3781 1476 3838 Caesarem
1519 3778 1710 3851 legati.
1797 3779 1970 3837 Iubet
2015 3795 2177 3836 arma
2222 3777 2389 3848 tradi,
2438 3775 2574 3853 prin·
