2796 4207
744 264 887 317 Lm.
926 264 1064 317 v11.
1108 264 1275 317 cAP.
1316 263 1782 317 vam-Lm.
2203 252 2329 317 193

212 426 435 485 sulite.’.
516 424 699 484 Simul
735 424 793 482 in
822 422 1053 483 medios
1080 425 1263 483 hostis
1290 424 1491 499 irrupit
1533 423 1880 501 duobusque
1924 426 2238 489 interfectis

210 519 476 594 reliquos
504 534 539 573 a
568 525 739 591 porta
766 516 1003 591 paulum
1034 519 1362 577 summovit.
1445 516 1809 575 Conantibus
1836 518 2092 577 auxiliari
2121 520 2236 579 suis

212 614 229 641 ‘
252 612 531 682 Frustra,’
564 611 766 685 inquit,
802 612 817 639 ⁶
838 626 1004 666 meae
1034 608 1183 665 vitae
1216 609 1522 669 subvenire
1554 607 1868 679 conamini,
1899 626 2076 683 quem
2119 611 2234 669 iam

211 703 455 779 sanguis
481 703 747 777 viresque
779 699 1075 758 deficiunt.
1167 700 1420 759 Proinde
1455 700 1628 772 abite,
1659 698 1802 757 dum
1845 708 1934 758 est
1974 701 2231 774 facultaS,

184 812 443 873 Jfosque
488 794 575 853 -ad
630 794 924 870 legionem
972 792 1251 867 recipite.’
1356 795 1447 851 Ita
1500 808 1768 869 pugnans
1810 800 1945 866 post
1993 791 2229 868 paulum
2261 813 2287 865 5

210 880 485 945 concidit
523 905 593 944 ac
618 873 753 950 ,suis
798 885 963 944 saluti
1008 884 1130 941 fuit.

298 976 403 1035 LI.
449 978 665 1049 Nostri,
697 996 833 1034 cum
874 976 1134 1051 undique
1169 987 1586 1051 premerentur,
1616 990 1754 1033 vai
1795 974 2228 1032 centurionibus

210 1067 443 1129 amissis
464 1066 679 1136 deiecti
701 1078 835 1126 sunt
852 1068 1006 1126 loco.
1078 1066 1197 1126 Sed
1215 1067 1612 1125 intolerantius
1637 1065 1838 1125 Gallos
1856 1065 2228 1139 insequentes

208 1158 368 1235 leg-io
400 1157 633 1217 decima
661 1159 921 1230 tardavit,
954 1176 1106 1235 quae
1136 1176 1243 1234 pro
1272 1157 1533 1216 subsidio
1573 1157 1750 1233 paulo
1779 1156 2052 1230 aequiore
2094 1156 2228 1215 loco

211 1250 574 1309 constiterat.
664 1252 839 1309 Hanc
882 1268 1073 1309 rursus
1107 1266 1212 1307 xm
1250 1248 1494 1325 legionis
1537 1247 1809 1306 cohortes
1852 1255 2226 1322 exceperunt,
2260 1271 2318 1308 10

212 1358 368 1416 quae
416 1359 490 1400 ex
534 1343 733 1401 castris
774 1341 1096 1401 minoribus
1141 1339 1390 1398 eductae
1434 1357 1572 1398 cum
1615 1339 1752 1397 Tito
1796 1337 1991 1397 Sextio
2037 1338 2227 1413 legato

212 1442 496 1509 ceperant
516 1433 713 1492 locum
736 1432 1114 1508 superiorem.
1188 1430 1495 1507 LegioneS,
1521 1429 1623 1488 ubi
1650 1428 1902 1504 primum
1929 1428 2226 1503 planitiem

210 1524 543 1600 attigerunt,
576 1524 795 1583 infestis
824 1533 1029 1581 contra
1057 1522 1255 1581 hostes
1284 1520 1460 1595 signis
1499 1519 1900 1579 constiterunt.
1985 1518 2224 1577 Vercin-

209 1617 439 1690 getorix
469 1617 543 1674 ab
572 1615 863 1674 radicibus
893 1614 1055 1673 collis
1084 1630 1221 1671 suos
1249 1612 1397 1670 intra
1427 1610 1782 1669 munitiones
1804 1608 2049 1668 reduxit.
2137 1611 2228 1669 Eo

210 1707 307 1764 die
340 1708 551 1765 milites
582 1714 717 1765 sunt
743 1704 918 1780 paulo
948 1705 1139 1763 minus
1168 1702 1522 1778 septingenti
1551 1699 1883 1759 desiderati.
2263 1715 2315 1766 ¹5

295 1798 432 1857 LII.
479 1797 717 1855 Postero
766 1794 863 1853 die
912 1794 1127 1853 Caesar
1175 1794 1451 1851 contione
1502 1792 1792 1851 advocata
1839 1792 2225 1850 temeritatem

214 1887 714 1965 cupiditatemque
760 1887 1002 1945 militum
1053 1884 1442 1960 reprehendit,
1491 1883 1652 1959 quod
1697 1884 1805 1942 sibi
1851 1883 1959 1958 ipsi
2002 1880 2222 1941 iudica-

213 1982 451 2051 vissent,
481 1996 600 2054 quo
638 1975 1083 2053 procedendum
1126 1988 1225 2033 aut
1266 1974 1411 2050 quid
1453 1972 1749 2051 agendum
1781 1972 2090 2047 videretur,
2122 1992 2222 2032 ne-

215 2090 331 2149 que
383 2071 548 2148 signo
598 2068 916 2146 recipiendi
964 2068 1106 2127 dato
1164 2067 1559 2127 constitissent
1616 2085 1809 2143 neque
1861 2068 1934 2128 ab
1986 2067 2228 2128 tribunis

215 2163 463 2222 militum
492 2161 807 2238 legatisque
836 2160 1065 2218 retineri
1094 2160 1435 2235 potuissent.
1511 2160 1813 2235 Exposuit,
1846 2159 1988 2236 quid
2021 2161 2224 2236 iniqui-
2259 2181 2321 2216 20

216 2265 303 2313 tas
345 2253 462 2311 loci
504 2262 718 2328 posset,
754 2250 897 2327 quid
939 2252 1062 2326 ipse
1106 2249 1183 2308 ad
1224 2251 1534 2310 Avaricum
1585 2253 1873 2324 sensisset,
1921 2272 2058 2312 cum
2101 2255 2226 2313 sine

218 2346 373 2403 duce
403 2352 463 2402 et
491 2343 614 2402 sine
644 2343 903 2419 equitatu
936 2340 1314 2416 deprehensis
1350 2342 1611 2402 hostibus
1657 2345 2012 2420 exploratam
2043 2349 2224 2408 victo-

216 2437 363 2494 riam
392 2433 719 2507 dimisisset,
744 2451 818 2491 ne
841 2450 1080 2508 parvum
1110 2431 1292 2490 modo
1324 2432 1738 2494 detrimentum
1759 2438 1820 2496 in
1847 2440 2226 2499 contentione

218 2537 462 2604 propter
515 2525 877 2600 iniquitatem
922 2524 1036 2582 loci
1094 2523 1402 2582 accideret.
1489 2526 1730 2602 Quanto
1791 2548 1969 2606 opere
2027 2549 2230 2590 eorum

220 2615 401 2677 animi
430 2615 887 2692 magnitudinem
922 2615 1315 2688 admiraretur,
1347 2637 1497 2693 quos
1529 2637 1651 2679 non
1681 2631 2000 2681 castrorum
2043 2624 2230 2681 muni·
2265 2625 2324 2677 25

221 2713 432 2781 tiones,
463 2727 583 2766 non
612 2707 854 2767 altitudo
886 2710 1115 2780 montiS,
1147 2728 1267 2768 non
1302 2729 1498 2770 murus
1539 2712 1744 2789 oppidi
1789 2712 2015 2772 tardare
2058 2725 2228 2790 potu-

225 2803 379 2873 isset,
428 2809 589 2858 tanto
640 2817 815 2875 opere
872 2800 1165 2858 licentiam
1224 2804 1727 2879 arrogantiamque
1787 2805 2232 2881 reprehendere,

224 2889 388 2968 quod
417 2890 547 2966 plus
568 2909 631 2950 se
653 2909 829 2967 quam
857 2891 1266 2967 imperatorem
1293 2892 1369 2951 de
1392 2894 1636 2953 victoria
1664 2905 1838 2970 atque
1863 2896 2019 2955 exitu
2043 2915 2236 2954 rerum

224 2983 438 3041 sentire
482 2983 911 3056 existimarent3
955 3001 1069 3041 nec
1113 2985 1303 3044 minus
1339 3004 1402 3044 se
1448 2986 1524 3045 ab
1566 2986 1744 3045 milite
1789 2985 2139 3046 modestiam
2179 2998 2238 3046 et

224 3073 648 3132 continentiam
689 3092 866 3149 quam
894 3076 1160 3134 virtutem
1204 3086 1378 3154 atque
1423 3076 1603 3136 animi
1641 3076 2099 3154 magnitudinem
2135 3077 2236 3136 de·
2268 3086 2328 3136 30

227 3164 497 3224 siderare.

312 3257 480 3315 LIII.
528 3257 662 3315 Hac
717 3257 913 3317 habita
970 3259 1248 3319 contione
1296 3271 1354 3318 et
1403 3260 1481 3319 ad
1537 3270 1856 3318 extremam
1912 3259 2238 3320 orationem

228 3347 583 3406 confirmatis
628 3348 920 3421 militibus,
965 3368 1041 3408 ne
1084 3351 1165 3410 ob
1212 3351 1364 3409 hanc
1411 3369 1648 3409 causam
1692 3351 1888 3408 animo
1911 3368 2237 3426 permove-

229 3449 429 3498 rentur
470 3457 605 3512 neu,
636 3439 799 3514 quod
842 3441 1114 3517 iniquitas
1156 3441 1270 3501 loci
1311 3441 1609 3514 attulisset,
1653 3440 1714 3499 id
1751 3441 1944 3499 virtuti
1985 3441 2240 3500 hostium

232 3531 565 3600 tribuerent,
592 3531 802 3590 eadem
826 3531 902 3590 de
931 3533 1291 3608 profectione
1322 3533 1602 3608 cogitanS,
1627 3550 1777 3609 quae
1800 3543 1934 3591 ante
1964 3542 2238 3604 senserat,
2267 3546 2328 3596 35

232 3622 491 3698 legiones
536 3640 609 3680 ex
651 3623 851 3681 castris
894 3623 1095 3682 eduxit
1135 3623 1440 3698 aciemque
1483 3623 1702 3682 idoneo
1744 3623 1880 3682 loco
1923 3623 2238 3682 constituit.

238 3712 390 3770 Cum
417 3713 863 3788 Vercingetorix
890 3713 1069 3772 nihilo
1098 3715 1281 3790 magis
1310 3715 1367 3771 in
1396 3731 1652 3789 aequum
1682 3713 1876 3772 locum
1914 3712 2237 3772 descende-

238 3813 337 3876 ret,
362 3803 475 3861 levi
501 3804 657 3862 facto
686 3805 939 3880 equestri
967 3805 1189 3880 proelio
1219 3813 1393 3879 atque
1425 3802 1689 3862 secundo
1719 3804 1780 3861 in
1808 3811 1995 3860 castra
2021 3803 2238 3861 exerci-

1230 3927 1286 3978 13
