2796 4207
447 3 508 60 s

65 61 485 386 se
1070 161 1179 214 ms
1234 161 1488 215 BELLo
1541 161 1888 215 GALL1c0

54 388 63 402 ,
493 307 617 366 eius
654 307 979 364 calamitate
1008 305 1085 365 de
1127 317 1289 364 tanta
1328 306 1624 382 voluptate
1669 317 1729 365 et
1762 307 2139 384 gratulatione
2183 307 2503 384 quicquam

491 397 722 456 fortuna
742 396 1123 456 deminuerat.
1194 397 1255 456 Is
1276 415 1340 456 se
1359 407 1667 473 praesente
1697 396 1774 457 de
1805 416 1868 457 se
1889 408 1976 457 ter
1997 398 2246 458 sortibus
2267 399 2498 458 consul-

490 497 615 546 tum
646 487 901 560 dicebat,
929 499 1121 546 utrum
1151 489 1271 565 igni
1305 491 1497 548 statim
1539 498 1846 548 necaretur
1873 508 1948 547 an
1989 489 2048 547 in
2077 488 2235 548 aliud
2265 498 2500 566 tempus

492 588 909 638 reservaretur:
958 580 1211 638 sortium
1260 580 1554 640 beneficio
1599 599 1663 639 se
1707 597 1837 640 esse
1883 581 2258 641 incolumem.
2343 581 2498 639 Item

439 673 467 726 5
495 671 730 729 Marcus
761 671 979 730 Metius
1004 681 1267 748 repertus
1298 681 1356 731 et
1384 671 1462 731 ad
1492 690 1626 732 eum
1657 671 1935 732 reductus
1964 683 2066 732 est.

498 869 545 921 C
540 883 711 921 aesar
731 868 887 922 leads
909 867 1003 921 his
1022 885 1189 940 army
1216 869 1575 1003 intssvwitltlter
1599 877 1862 938 quarters
1871 888 1902 933 ,·
1938 869 2007 923 lte
2029 869 2274 939 himself
2285 885 2417 940 goes
2447 877 2502 922 to

1362 957 1454 1003 ort
1513 951 1686 1021 Italy.

574 1073 727 1132 LIV.
788 1073 930 1132 Hoc
974 1073 1199 1149 proelio
1232 1085 1389 1132 trans
1433 1074 1710 1133 Rbenum
1750 1075 2016 1132 nuntiato
2051 1073 2244 1146 Suebi,
2288 1075 2389 1148 qui
2424 1072 2502 1130 ad

488 1165 644 1240 ripas
674 1163 869 1222 Rheni
903 1175 1197 1237 venerant,
1228 1163 1475 1225 domum
1509 1167 1717 1224 reverti
1752 1174 2075 1242 coeperunt
2097 1185 2115 1236 3
2157 1181 2307 1238 quos
2333 1164 2498 1234 Ubii,

492 1255 593 1332 qui
632 1255 881 1330 proximi
916 1253 1192 1312 Rhenum
1234 1256 1517 1329 incolunt,
1547 1257 1880 1332 perterritos
1924 1255 2188 1326 insecuti,
2219 1272 2502 1330 magnum

386 1416 398 1424 ,⁴
491 1364 566 1405 ex
608 1344 699 1404 his
744 1363 1052 1404 numerum
1096 1344 1459 1406 occiderunt.
1563 1349 1796 1420 Caesar,
1845 1365 1962 1404 una
2005 1355 2223 1404 aestate
2269 1343 2504 1403 duobus

407 1455 465 1494 ιο
490 1437 757 1496 maximis
799 1437 963 1496 bellis
1005 1439 1305 1512 confectis,
1334 1439 1613 1498 maturius
1654 1438 1848 1514 paulo,
1877 1455 2054 1513 quam
2103 1447 2336 1512 tempus
2363 1439 2509 1494 anni

492 1527 840 1603 postulabat,
882 1527 943 1586 in
984 1527 1227 1588 hiberna
1268 1530 1329 1588 in
1370 1530 1674 1604 Sequanos
1718 1529 2037 1587 exercitum
2087 1526 2374 1611 deduxit5
2415 1527 2504 1584 hi-

119 1679 130 1690 ,
490 1618 686 1677 bernis
718 1619 1039 1678 Labienum
1082 1621 1459 1697 praeposuit3
1502 1621 1627 1696 ipse
1670 1620 1732 1680 in
1773 1619 2101 1679 citeriorem
2131 1617 2383 1678 Galliam
2423 1615 2505 1675 ad

78 1751 117 1773 1
493 1719 815 1772 conventus
842 1709 1103 1787 agendos
1133 1711 1429 1788 profectus
1459 1720 1558 1770 est.
