2796 4207
460 245 583 308 100
1005 248 1014 255 ’
1090 264 1200 317 DE
1253 265 1507 320 BELLo
1562 270 1910 326 GALL1co

543 431 664 489 bari
705 431 828 489 fieri
868 432 1419 509 animadverterunt,
1464 441 1805 515 expugnatis
1848 444 2244 519 compluribus
2286 450 2556 525 navibuS,

541 540 679 580 cum
720 522 775 580 ei
815 522 899 580 rei
940 524 1160 583 nullum
1198 526 1544 601 reperiretur
1570 530 1865 605 auxilium,
1897 533 2033 610 fuga
2060 537 2305 596 salutem
2348 554 2555 616 petere

540 613 983 671 contenderunt.
1058 616 1146 671 Ac
1175 616 1291 673 iam
1321 620 1614 679 conversis
1643 621 1704 679 in
1733 640 1863 681 eam
1893 634 2119 699 partem
2148 631 2409 705 navibuS,
2430 652 2553 709 quo

537 714 744 761 ventus
773 703 1008 777 ferebat,
1033 715 1193 765 tanta
1222 708 1415 767 subito
1446 711 1689 770 malacia
1716 731 1785 772 ac
1814 717 2191 791 tranquillitas
2222 724 2456 798 exstitit,
2486 737 2554 785 ut

483 824 509 874 5
537 812 598 851 se
643 812 714 851 ex
757 795 892 853 loco
937 814 1312 857 commovere
1341 818 1465 859 non
1494 814 1750 877 possent.
1840 808 2009 880 Quae
2054 811 2296 886 quidem
2334 834 2428 874 res
2469 818 2551 875 ad

536 886 837 960 negotium
882 887 1318 947 conficiendum
1349 893 1601 951 maxime
1633 894 1739 953 fuit
1770 909 2138 973 opportuna:
2184 923 2321 963 nam
2350 906 2546 985 singu-

534 976 616 1033 las
661 977 838 1033 nostri
882 980 1197 1038 consectati
1241 999 1739 1059 expugnaverunt,
1784 998 1848 1047 ut
1895 1010 2224 1069 perpaucae
2267 1015 2341 1055 ex
2382 1000 2546 1057 omni

533 1085 778 1126 numero
808 1070 996 1128 noctis
1025 1071 1348 1131 interventu
1381 1073 1458 1132 ad
1488 1086 1697 1135 terram
1727 1086 2111 1157 pervenerint,
2131 1105 2267 1145 cum
2294 1089 2371 1147 ab
2401 1089 2547 1148 hora

532 1158 650 1216 fere
682 1168 883 1233 quarta
912 1179 1095 1235 usque
1125 1162 1202 1219 ad
1231 1164 1366 1222 solis
1397 1183 1674 1227 occasum
1704 1186 2072 1249 pugnaretur.
2505 1226 2528 1233 -.

448 1272 504 1305 10
610 1251 771 1308 XVI.
819 1251 954 1325 Quo
984 1253 1204 1327 proelio
1236 1256 1453 1315 bellum
1482 1260 1843 1324 Venetorum
1872 1268 2163 1344 totiusque
2198 1288 2333 1328 orae
2372 1272 2539 1328 mari-

530 1340 702 1397 timae
726 1341 1061 1399 confectum
1084 1354 1189 1402 est.
1266 1347 1421 1405 Nam
1447 1369 1582 1409 cum
1606 1357 1797 1415 omnis
1819 1358 2099 1431 iuventuS,
2126 1378 2334 1420 omnes
2365 1362 2539 1420 etiam

527 1431 798 1507 gravioris
844 1434 1064 1506 aetatiS,
1095 1435 1155 1492 in
1205 1440 1417 1512 quibus
1448 1444 1666 1520 aliquid
1698 1450 1921 1508 consilii
1950 1460 2049 1508 aut
2077 1450 2372 1528 dignitatis
2416 1454 2539 1525 fuit,

424 1548 446 1559 u
528 1540 601 1579 eo
647 1535 1057 1596 convenerant,
1091 1536 1234 1602 tum,
1268 1534 1500 1592 navium
1544 1538 1708 1613 quod
1750 1541 1966 1615 ubique
2010 1542 2210 1616 fuerat,
2253 1561 2437 1601 unum
2480 1544 2541 1601 in

527 1614 723 1672 locum
755 1616 1066 1692 coegerant
1085 1642 1104 1692 3
1144 1624 1355 1698 quibus
1385 1630 1607 1688 amissis
1636 1631 1839 1707 reliqui
1869 1650 2060 1708 neque
2086 1652 2205 1708 quo
2228 1652 2289 1692 se
2312 1636 2535 1711 recipe-

443 1729 497 1781 ¹5
523 1714 670 1777 rent,
715 1724 908 1781 neque
964 1714 1470 1784 quemadmodum
1515 1720 1735 1796 oppida
1776 1721 2177 1797 defenderent,
2222 1724 2533 1785 habebant.

527 1798 733 1872 Itaque
787 1817 848 1858 se
899 1820 1120 1879 suaque
1171 1810 1370 1867 omnia
1420 1812 1655 1870 Caesari
1697 1812 2066 1873 dediderunt.
2152 1817 2223 1874 In
2269 1835 2418 1892 quos
2460 1836 2534 1877 eo

523 1889 747 1965 gravius
791 1892 1010 1953 Caesar
1051 1897 1473 1961 vindicandum
1518 1905 1729 1978 statuit,
1770 1924 1889 1981 quo
1932 1906 2261 1983 diligentius
2302 1909 2363 1966 in
2404 1910 2531 1967 reli-

526 2004 708 2061 quum
737 1996 970 2064 tempus
1001 2009 1037 2047 a
1063 1991 1315 2051 barbaris
1338 1994 1427 2051 ius
1455 1995 1773 2070 legatorum
1796 2006 2250 2057 conservaretur.
2323 2000 2531 2075 Itaque

525 2078 686 2136 omni
716 2088 928 2140 senatu.
949 2091 1162 2142 necato
1191 2084 1444 2160 reliquos
1473 2087 1579 2145 sub
1609 2106 1828 2146 corona
1855 2087 2135 2148 vendidit.

877 2269 1225 2324 Meanwhile
1258 2270 1521 2322 Titurius
1544 2267 1783 2320 subdues
1808 2267 1899 2322 the
1935 2269 2157 2323 Venelli.

433 2395 492 2431 ²0
600 2387 796 2445 XVII.
844 2387 1005 2444 Dum
1053 2383 1200 2440 haec
1247 2383 1305 2439 in
1347 2382 1589 2439 Venetis
1628 2391 1920 2457 geruntur,
1974 2381 2226 2456 Quintus
2274 2386 2529 2446 Titurius

519 2478 763 2537 Sabinus
805 2496 940 2535 cum
984 2475 1066 2534 eis
1113 2475 1314 2549 copiis,
1360 2490 1505 2547 quas
1544 2491 1578 2529 a
1616 2473 1866 2532 Caesare
1908 2483 2235 2548 acceperat,
2271 2475 2333 2534 in
2379 2477 2527 2536 fines

518 2571 892 2629 Venellorum
935 2566 1214 2645 pervenit.
1330 2564 1441 2620 His
1484 2573 1744 2638 praeerat
1784 2562 2084 2620 Viridovix
2124 2582 2194 2622 ac
2237 2583 2527 2626 summam

516 2662 743 2737 imperii
785 2661 1023 2720 tenebat
1067 2675 1266 2717 earum
1313 2654 1576 2712 omnium
1621 2654 1935 2726 civitatum,
1980 2672 2129 2728 quae
2172 2654 2525 2731 defecerant,

517 2771 590 2812 ex
633 2754 842 2828 quibus
887 2751 1204 2810 exercitum
1257 2761 1614 2822 magnasque
1660 2745 1859 2819 copias
1900 2745 2191 2820 coegerat,
2220 2757 2396 2823 atque
2439 2749 2526 2808 his

431 2859 487 2911 25
515 2845 716 2919 paucis
760 2843 967 2902 diebus
996 2841 1225 2900 Aulerci
1276 2839 1635 2896 Eburovices
1671 2836 2029 2911 Lexoviique
2060 2847 2265 2897 senatu
2302 2857 2409 2898 suo
2439 2841 2523 2898 in-

514 2937 776 3008 terfect0,
807 2934 972 3011 quod
1013 2944 1279 2994 auctores
1323 2933 1459 2993 belli
1490 2947 1616 2988 esse
1648 2927 1943 2999 nolebant,
1974 2937 2169 3003 portas
2198 2930 2527 2990 clauserunt

515 3046 695 3101 seque
754 3046 890 3085 cum
931 3027 1264 3085 Viridovice
1317 3024 1780 3083 coniunxerunt:
1843 3036 2170 3094 magnaque
2226 3031 2527 3095 praeterea

516 3117 826 3176 multitudo
857 3136 931 3176 ex
962 3119 1149 3178 Gallia
1177 3117 1538 3194 perditorum
1588 3113 1892 3171 hominum
1934 3109 2339 3186 latronumque
2383 3131 2523 3171 con-

512 3217 769 3280 venerat,
813 3227 962 3284 quos
1003 3227 1137 3285 spes
1177 3207 1500 3285 praedandi
1544 3206 1919 3281 studiumque
1960 3201 2216 3261 bellandi
2258 3203 2335 3261 ab
2379 3205 2523 3279 agri-

425 3306 486 3355 30
514 3299 737 3358 cultura
765 3309 824 3358 et
853 3300 1150 3359 cotidiano
1178 3301 1373 3358 labore
1403 3298 1731 3358 revocabat.
1816 3295 2060 3356 Sabinus
2088 3293 2306 3354 idoneo
2335 3296 2522 3353 omni-

513 3389 622 3449 bus
670 3391 843 3450 rebus
888 3393 1021 3450 loco
1071 3392 1268 3458 castris
1316 3409 1443 3450 sese
1493 3391 1747 3463 tenebat,
1796 3409 1932 3448 cum
1974 3385 2275 3445 Viridovix
2322 3397 2525 3446 contra

515 3497 650 3538 eum
695 3480 879 3539 duum
920 3481 1138 3539 milium
1183 3482 1371 3556 spatio
1416 3480 1777 3539 consedisset
1836 3479 2171 3556 cotidieque
2224 3477 2523 3554 productis

515 3571 701 3644 copiis
743 3571 1038 3647 pugnandi
1085 3578 1431 3647 potestatem
1462 3571 1693 3642 faceret,
1725 3582 1789 3630 ut
1818 3572 1931 3630 iam
1962 3590 2083 3630 non
2116 3571 2303 3630 solum
2342 3569 2520 3627 hosti-

513 3663 624 3721 bus
667 3664 726 3720 in
757 3665 1258 3739 contemptionem
1289 3665 1533 3724 Sabinus
1562 3665 1797 3736 veniret,
1830 3664 1935 3723 sed
1980 3667 2155 3724 etiam
2190 3673 2521 3723 nostrorum

427 3765 487 3816 35
516 3756 762 3814 militum
791 3758 1031 3816 vocibus
1074 3757 1338 3815 nonnihil
1381 3767 1712 3834 carperetur
1733 3779 1749 3830 3
1794 3766 2131 3832 tantamque
2177 3758 2521 3833 opinionem

515 3846 735 3904 timoris
764 3847 1045 3921 praebuit,
1077 3858 1141 3905 ut
1170 3848 1282 3904 iam
1313 3847 1389 3905 ad
1417 3849 1628 3906 vallum
1660 3857 1975 3906 castrorum
2006 3848 2202 3906 hostes
2234 3849 2519 3907 accedere
