2796 4207
728 0 820 40 xgr*
1947 0 2020 39 xN
2372 37 2381 44 .
2615 0 2652 26 x
2695 0 2770 6 ““

2043 53 2114 84 *x

2119 85 2147 98 Ν

897 191 1042 243 LIB.
1094 191 1139 242 1.
1185 191 1357 244 cAP.
1400 191 1780 246 xv-xvm.
2156 111 2671 400 NR

249 353 514 413 flumine
537 356 716 412 Arare
747 354 988 412 navibus
1011 354 1371 426 subvexerat,
1402 364 1713 430 propterea
1732 356 1921 415 minus
1940 357 2022 415 uti
2044 365 2291 432 poterat,

222 444 438 520 ,quod
489 445 598 504 iter
635 444 709 502 ab
750 446 925 502 Arare
971 443 1230 503 Helvetii
1267 455 1608 516 averterant,
1649 464 1685 504 a
1722 447 1932 521 quibus
1986 445 2292 506 discedere
2674 403 2771 448 N

245 535 532 594 nolebat.
618 536 795 593 Diem
839 553 914 593 ex
951 533 1047 594 die
1087 534 1302 594 ducere
1338 535 1566 594 Aedui:
1610 537 1877 610 conferri,
1920 539 2289 614 comportari,

246 625 482 686 adesse
513 625 729 684 dicere.
813 626 933 686 Ubi
961 645 1023 684 se
1054 625 1270 685 diutius
1299 626 1439 686 duci
1468 627 1749 686 intellexit
1778 637 1835 686 et
1868 627 2026 686 diem
2056 629 2289 702 instare,

246 735 384 792 quo
451 716 552 775 die
607 717 962 775 frumentum
1007 717 1281 775 militibus
1337 717 1525 776 metiri
1582 728 1897 794 oporteret,
1948 721 2289 779 convocatis
2320 741 2347 794 5

249 827 482 866 eorum
522 808 900 884 principibus,
932 825 1181 883 quorum
1211 827 1483 884 magnam
1514 811 1747 884 copiam
1778 811 1839 868 in
1868 813 2066 869 castris
2110 812 2286 870 habe-

250 901 382 974 bat,
410 899 478 958 in
506 900 595 957 his
627 900 916 958 Divitiaco
939 912 996 958 et
1020 900 1210 972 Lisco,
1235 901 1336 976 qui
1365 919 1599 959 summo
1623 903 1973 978 magistratui
2006 913 2285 980 praeerat,

250 1009 450 1066 quem
495 991 969 1066 ‘vergobretum'
1001 992 1294 1066 appellant
1322 991 1531 1062 Aedui,
1565 994 1663 1068 qui
1703 1003 1929 1052 creatur
1966 1013 2193 1054 annuus
2229 1005 2287 1054 et

248 1083 420 1141 vitae
452 1082 736 1158 necisque
763 1082 824 1140 in
853 1100 988 1141 suos
1017 1081 1194 1142 habet
1220 1092 1592 1158 potestatem,
1622 1085 1867 1159 graviter
1896 1105 1999 1144 eos
2028 1097 2283 1159 accusat,

53 1190 158 1219 *x
250 1173 456 1248 quod,
507 1191 644 1231 cum
699 1191 893 1248 neque
950 1173 1066 1232 emi
1123 1191 1317 1249 neque
1361 1191 1436 1232 ex
1484 1174 1634 1250 agris
1690 1176 1839 1234 sumi
1896 1185 2113 1252 posset,
2166 1187 2283 1236 tam
2318 1194 2375 1230 10

249 1264 604 1324 necessario
632 1273 918 1340 tempore,
948 1273 1068 1322 tam
1096 1264 1440 1340 propinquis
1471 1265 1751 1340 hostibus,
1782 1268 1857 1326 ab
1885 1267 1969 1326 eis
1998 1285 2119 1326 non
2148 1267 2281 1326 sub-

253 1355 512 1427 levetur,
554 1355 893 1430 praesertim
940 1372 1077 1412 curn
1133 1373 1346 1432 magna
1402 1375 1475 1414 ex
1531 1367 1693 1432 parte
1753 1375 1956 1417 eorum
2012 1358 2283 1434 precibus

253 1444 566 1504 adductus
607 1445 822 1506 bellum
865 1446 1220 1521 susceperit3
1272 1447 1456 1505 multo
1500 1449 1671 1506 etiam
1716 1447 1958 1524 gravius,
2002 1447 2167 1524 quod
2211 1449 2283 1508 sit

257 1535 602 1608 destitutuS,
635 1535 909 1612 queritur.

72 1642 87 1710 ι
342 1628 550 1686 XVII.
606 1629 762 1686 Tum
810 1625 1052 1687 demum
1104 1627 1306 1687 Liscus
1351 1630 1613 1688 oratione
1662 1630 1926 1688 Caesaris
1971 1627 2279 1703 adductuS‚
2314 1655 2371 1708 15

87 1722 94 1797 ξ
255 1718 435 1794 quod
463 1729 638 1777 antea
664 1727 940 1790 tacuerat,
971 1720 1280 1794 proponit:
1329 1721 1474 1778 Esse
1502 1721 1833 1791 nonnuIIOS,
1864 1738 2113 1794 quorum
2143 1738 2277 1779 auc—

92 1808 102 1880 ξ
253 1810 470 1869 toritas
499 1809 658 1886 apud
699 1809 937 1885 plebem
967 1810 1279 1885 plurimum
1309 1811 1512 1882 valeat,
1546 1812 1646 1886 qui
1674 1811 1942 1886 privatim
1970 1811 2100 1887 plus
2144 1830 2277 1887 pos-

99 1892 105 1928 ³
255 1899 378 1959 sint
423 1918 603 1976 quam
644 1901 758 1976 ipsi
797 1901 1178 1977 magistratus.
1279 1902 1414 1960 Hos
1464 1901 1742 1961 seditiosa
1792 1911 1968 1978 atque
2013 1903 2280 1978 improba

255 1995 532 2054 oratione
577 1993 1010 2053 multitudinem
1057 1994 1364 2066 deterrere,
1414 2012 1487 2052 ne
1546 1996 1900 2056 frumentum
1954 1996 2274 2068 conferant,

26 2162 27 2165 Ἴ
257 2077 436 2161 quod
460 2095 752 2162 praestare
783 2085 1040 2145 debeant
1061 2107 1078 2160 3
1121 2085 1168 2145 si
1197 2085 1310 2143 iam
1340 2085 1731 2188 principatum
1762 2087 1984 2145 Galliae
2015 2087 2276 2147 obtinere
2309 2105 2369 2139 20

258 2196 382 2237 non
431 2178 675 2254 possint,
707 2178 1008 2237 Gallorum
1051 2196 1229 2253 quam
1276 2177 1726 2237 Romanorum
1712 2178 1953 2252 1mperia
1973 2179 2276 2251 praeferre,

188 2260 461 2404 ineque
524 2268 789 2327 dubitare
845 2269 1006 2343 quin,
1065 2269 1113 2326 si
1170 2267 1479 2325 Helvetios
1542 2268 1936 2343 superaverint
2003 2270 2276 2341 Romani,

260 2379 384 2419 una
448 2380 587 2419 cum
641 2344 863 2437 reliqua
919 2360 1108 2419 Gallia
1165 2358 1384 2417 Aeduis
1446 2358 1769 2416 libertatem
1834 2359 1949 2416 sint
2006 2361 2275 2435 erepturi.

152 2512 158 2523 ,
188 2260 355 2509 EAb
386 2450 620 2510 eisdem
649 2461 846 2511 nostra
874 2450 1132 2522 consilia,
1163 2466 1434 2551 quaeque
1464 2449 1523 2506 in
1553 2449 1751 2506 castris
1779 2461 2065 2523 gerantur,
2099 2449 2275 2508 hosti-

135 2524 205 2595 't
259 2542 372 2601 bus
417 2543 743 2602 enuntiari:
795 2542 903 2601 hos
945 2561 981 2600 a
1021 2560 1084 2599 se
1128 2539 1389 2599 coerceri
1432 2558 1553 2597 non
1596 2557 1789 2614 posse.
1876 2540 2035 2614 Quin
2080 2542 2275 2613 etiam,
2309 2562 2367 2613 25

184 2600 430 2790 §quod
468 2634 857 2695 necessariam
885 2652 1010 2693 rem
1041 2641 1280 2691 coactus
1311 2631 1547 2691 Caesari
1583 2630 1910 2701 enuntiarit,
1945 2632 2276 2707 intellegere

184 2600 412 2799 isese,
457 2735 681 2801 quanto
726 2724 788 2785 id
836 2744 972 2783 cum
1019 2724 1282 2799 periculo
1327 2722 1546 2795 fecerit,
1594 2731 1653 2781 et
1703 2722 1782 2781 ob
1829 2740 1960 2782 eam
2015 2741 2269 2795 causam,

263 2834 443 2893 quam
487 2816 588 2875 diu
631 2817 903 2892 potuerit,
933 2815 1202 2875 tacuisse.

115 2949 185 3059 ξ·
683 2976 736 3029 T
726 2976 796 3029 he
818 2974 1104 3045 treachery
1129 2976 1203 3046 qf
1215 2974 1553 3029 Dumnorix
1578 2976 1627 3027 is
1640 2972 1877 3043 proved.

131 3178 173 3217 Ι,
344 3116 577 3175 XVIII.
622 3117 837 3176 Caesar
875 3116 986 3174 hac
1027 3115 1288 3174 oratione
1334 3114 1489 3173 Lisci
1520 3114 1965 3189 Dumnorigem,
2002 3114 2273 3174 Divitiaci

131 3179 148 3230 “
171 3192 173 3199 ¹
266 3208 516 3283 fratrem,
547 3208 835 3289 designari
863 3210 1148 3269 sentiebat
1168 3230 1184 3281 3
1229 3208 1352 3281 sed,
1383 3208 1547 3284 quod
1576 3209 1833 3284 pluribus
1874 3210 2272 3283 praesentibus
2301 3234 2361 3283 30

118 3096 171 3367 Ξ
266 3320 362 3363 eas
406 3323 500 3363 res
551 3304 746 3362 iactari
791 3303 1046 3375 nolebat,
1081 3302 1342 3361 celeriter
1385 3302 1701 3361 concilium
1750 3301 2004 3375 dimittit,
2040 3304 2271 3361 Liscum

135 3366 165 3535 ἶ
264 3399 492 3458 retinet.
564 3398 806 3473 Quaerit
833 3416 907 3456 ex
935 3398 1060 3456 solo
1089 3414 1177 3467 ea,
1207 3414 1358 3472 quae
1387 3396 1448 3454 in
1478 3405 1770 3455 conventu
1800 3396 2042 3456 dixerat.
2116 3396 2273 3455 Dicit

155 3478 181 3555 ,ἔ
264 3490 498 3551 liberius
527 3502 702 3567 atque
731 3490 1024 3550 audacius.
1116 3489 1343 3548 Eadem
1371 3498 1599 3548 secreto
1627 3490 1703 3549 ab
1732 3490 1853 3548 aliis
1885 3491 2108 3565 quaerit
2128 3512 2143 3563 3
2184 3508 2271 3548 re-

254 3587 414 3660 perit
453 3604 582 3645 esse
624 3603 793 3644 vera:
843 3588 1046 3661 Ipsum
1090 3602 1216 3641 esse
1261 3583 1707 3658 Dumnorigem,
1738 3602 1967 3641 summa
2010 3583 2269 3657 audacia,

141 3668 161 3681 ‘⁴
265 3698 480 3756 magna
528 3680 687 3755 apud
736 3682 968 3757 plebem
1015 3688 1254 3755 propter
1297 3678 1696 3738 liberalitatem
1742 3679 1940 3753 gratia,
1989 3678 2270 3754 cupidum
2301 3694 2362 3745 35

135 3804 141 3849 ,⁴
264 3793 456 3833 rerum
478 3792 776 3832 novarum.
861 3773 1192 3848 Compluris
1214 3791 1398 3829 annos
1427 3773 1683 3845 portoria
1710 3773 2045 3846 reliquaque
2076 3774 2274 3830 omnia
2768 3838 2770 3895 λ

131 3856 143 3909 l
1257 3888 1274 3903 -.
