2796 4207
434 218 561 284 132
1070 236 1181 291 DE
1234 237 1490 291 BELLO
1541 237 1891 292 GALLICO

700 496 889 566 Many
910 494 1083 551 tribes
1104 481 1317 551 subinit
1337 502 1394 551 to
1423 495 1670 560 Caes-ar,-
1706 494 1775 551 he
1797 503 2027 551 returns
2050 503 2109 551 to
2135 492 2306 551 Gaul.

594 638 726 697 XX.
769 637 1011 697 Interim
1048 636 1455 709 TrinobanteS,
1498 654 1686 714 prope
1727 637 2056 697 firmissima
2095 655 2294 697 earum
2336 640 2528 715 regio-

514 746 659 786 num
686 727 904 801 civitas,
934 746 1008 786 ex
1034 746 1152 803 qua
1181 726 1640 787 Mandubracius
1673 727 2020 787 adulescens
2049 728 2313 788 Caesaris
2341 729 2528 789 fidem

514 827 748 877 secutus
789 818 869 877 ad
906 837 1042 877 eum
1071 819 1130 877 in
1160 818 1561 877 continentem
1591 819 1841 879 Galliam
1867 830 2122 893 venerat,
2153 821 2318 879 cuius
2358 830 2532 897 pater

513 910 575 967 in
603 928 674 967 ea
703 909 934 968 civitate
976 927 1222 985 regnum
1258 909 1589 969 obtinuerat
1627 910 2082 988 interfectusque
2119 922 2241 971 erat
2268 931 2304 969 a
2331 912 2526 971 Cassi-

460 1009 488 1063 5
512 1000 800 1072 vellaun0,
845 1000 971 1075 ipse
1016 1000 1150 1076 fuga
1196 1010 1449 1060 mortem
1488 1000 1782 1074 vitaverat,
1822 1002 2044 1079 legatos
2085 1002 2164 1061 ad
2205 1003 2526 1062 Caesarem

514 1091 749 1149 mittunt
810 1090 1296 1168 pollicenturque,
1352 1108 1482 1149 sese
1537 1091 1593 1149 ei
1651 1090 1954 1153 dedituros
2007 1104 2184 1170 atque
2241 1094 2531 1169 imperata

513 1181 806 1256 facturos;
846 1192 1072 1260 petunt,
1107 1192 1173 1241 ut
1212 1180 1702 1241 Mandubracium
1743 1184 1819 1243 ab
1860 1184 2065 1242 iniuria
2105 1183 2528 1243 Cassivellauni

513 1272 793 1332 defendat
833 1282 1011 1349 atque
1041 1273 1103 1331 in
1131 1273 1423 1331 civitatem
1461 1274 1668 1346 mittat,
1697 1274 1799 1350 qui
1839 1275 2055 1355 praesit
2094 1275 2527 1350 imperiumque

511 1364 791 1423 obtineat.
878 1364 991 1424 His
1026 1364 1243 1423 Caesar
1278 1364 1526 1439 imperat
1566 1364 1801 1424 obsides
1842 1366 2227 1442 quadraginta
2265 1366 2522 1423 frumen-

428 1462 756 1532 totumque
797 1454 1078 1514 exercitui
1106 1454 1713 1531 Mandubraciumque
1755 1455 1834 1513 ad
1875 1474 1978 1515 eos
2022 1457 2214 1516 mittit.
2300 1456 2392 1515 Illi
2419 1456 2526 1513 im-

511 1554 711 1621 perata
737 1544 1001 1604 celeriter
1028 1544 1308 1619 fecerunt,
1338 1545 1575 1605 obsides
1601 1545 1681 1605 ad
1707 1563 2013 1605 numerum
2045 1548 2523 1623 frumentumque

512 1636 812 1695 miserunt.
1912 1634 1918 1641 ’

590 1727 753 1787 XXI.
794 1725 1250 1787 Trinobantibus
1293 1727 1548 1787 defensis
1591 1738 1769 1804 atque
1813 1729 1888 1788 ab
1932 1730 2095 1788 omni
2139 1729 2386 1788 militum
2433 1729 2523 1787 in-

510 1818 655 1879 iuria
708 1817 1031 1895 prohibitiS,
1084 1820 1449 1896 Cenimagni,
1502 1820 1850 1896 Segontiaci,
1900 1821 2214 1893 Ancalites,
2265 1820 2522 1893 Bibroci,

427 1924 485 1977 15
512 1908 678 1968 Cassi
718 1909 1103 1986 legationibus
1146 1910 1333 1969 missis
1374 1928 1502 1969 sese
1541 1911 1777 1970 Caesari
1817 1910 2060 1970 dedunt.
2145 1911 2240 1970 Ab
2268 1910 2356 1969 his
2385 1929 2526 1987 cog-

510 1999 721 2073 noscit,
748 2017 871 2059 non
910 2000 1084 2076 longe
1123 2018 1198 2059 ex
1238 2018 1313 2059 eo
1354 2000 1491 2059 loco
1533 2001 1820 2077 oppidum
1857 2002 2270 2061 Cassivellauni
2312 2002 2522 2061 abesse

510 2090 665 2151 silvis
716 2090 1144 2168 paludibusque
1200 2091 1508 2164 munitum,
1559 2111 1678 2169 quo
1727 2093 1864 2152 satis
1913 2112 2156 2169 magnus
2212 2091 2522 2153 hominum

510 2182 857 2260 pecorisque
904 2200 1179 2242 numerus
1227 2184 1582 2241 convenerit.
1667 2183 1973 2260 Oppidum
2019 2193 2216 2243 autem
2257 2185 2523 2243 Britanni

508 2283 743 2346 vocant,
787 2291 924 2332 cum
968 2273 1136 2332 silvas
1183 2272 1496 2348 impeditas
1538 2274 1688 2332 vallo
1738 2284 1912 2351 atque
1962 2275 2116 2333 fossa
2163 2275 2521 2347 munierunt,

424 2392 485 2429 20
509 2385 631 2442 quo
658 2365 1002 2425 incursionis
1030 2364 1282 2423 hostium
1302 2363 1574 2424 vitandae
1597 2384 1774 2424 causa
1794 2366 2108 2424 convenire
2138 2375 2514 2424 consuerunt.

512 2462 605 2520 Eo
625 2459 1009 2536 proficiscitur
1028 2476 1163 2516 cum
1186 2458 1546 2535 legionibus:
1593 2459 1788 2517 locum
1819 2460 2032 2536 reperit
2060 2460 2289 2535 egregie
2313 2469 2519 2517 natura

509 2562 684 2629 atque
727 2569 909 2628 opere
950 2551 1277 2625 munitum;
1320 2561 1518 2610 tamen
1557 2551 1716 2610 hunc
1750 2550 1978 2609 duabus
2025 2568 2099 2608 ex
2124 2549 2382 2626 partibus
2411 2569 2517 2625 op-

508 2660 768 2719 pugnare
797 2642 1121 2702 contendit.
1205 2643 1430 2702 Hostes
1459 2643 1756 2719 paulisper
1781 2641 1987 2711 morati
2015 2640 2262 2698 militum
2291 2649 2518 2699 nostro-

508 2752 637 2792 rum
692 2734 979 2808 impetum
1033 2752 1155 2793 non
1212 2735 1466 2793 tulerunt
1521 2752 1766 2808 seseque
1822 2733 1932 2791 alia
1979 2751 2052 2790 ex
2096 2740 2258 2806 parte
2308 2730 2518 2806 oppidi

425 2842 451 2876 2
458 2840 485 2893 5
511 2825 825 2884 eiecerunt.
909 2825 1164 2900 Magnus
1205 2825 1286 2884 ibi
1328 2843 1603 2886 numerus
1643 2824 1872 2900 pecoris
1911 2830 2191 2898 repertus,
2232 2821 2516 2898 multique

510 2915 570 2974 in
597 2916 733 2991 fuga
761 2925 895 2974 sunt
922 2915 1330 2993 comprehensi
1363 2927 1538 2992 atque
1569 2914 1872 2975 interfecti.

588 3007 787 3065 XXII.
833 3007 993 3065 Dum
1022 3006 1171 3065 haec
1206 3007 1265 3065 in
1308 3008 1397 3066 his
1439 3007 1583 3066 locis
1623 3015 1916 3082 geruntur,
1946 3003 2409 3062 Cassivellaunus
2441 3002 2519 3060 ad

511 3097 805 3170 Cantium,
836 3097 999 3171 quod
1028 3116 1155 3156 esse
1199 3097 1276 3156 ad
1317 3117 1475 3157 mare
1519 3116 1693 3174 supra
1735 3095 2273 3163 demonstravimuS,
2305 3094 2516 3168 quibus

509 3188 843 3262 regionibus
898 3197 1171 3264 quattuor
1216 3207 1383 3264 reges
1432 3198 1754 3264 praeerant,
1807 3186 2160 3262 Cingetorix,
2213 3184 2514 3254 Carvilius,

424 3305 487 3356 30
510 3278 941 3354 Taximagfilus,
970 3279 1249 3355 Segovax,
1289 3280 1524 3338 nuntios
1565 3281 1740 3338 mittit
1781 3288 1955 3354 atque
1999 3277 2087 3334 his
2128 3276 2391 3351 imperat,
2432 3275 2514 3332 uti

512 3369 733 3428 coactis
770 3369 1043 3428 omnibus
1091 3369 1278 3445 copiis
1330 3380 1519 3429 castra
1566 3371 1788 3428 navalia
1836 3369 1912 3428 de
1961 3366 2278 3443 improviso
2327 3363 2517 3423 adori-

513 3469 683 3517 antur
723 3469 897 3534 atque
938 3469 1301 3536 oppugnent.
1388 3461 1438 3518 Ii
1472 3479 1606 3519 cum
1646 3459 1722 3519 ad
1765 3469 1952 3518 castra
1977 3459 2291 3528 venissent,
2334 3456 2518 3514 nostri

514 3550 817 3624 eruptione
861 3550 1013 3609 facta
1054 3551 1245 3609 multis
1288 3569 1492 3609 eorum
1536 3550 1866 3622 interfectiS‚
1903 3559 2079 3625 capto
2122 3549 2296 3607 etiarn
2336 3546 2516 3606 nobili

516 3639 669 3698 duce
700 3641 1048 3716 Lugotorige
1078 3660 1214 3700 suos
1244 3641 1567 3700 incolumes
1603 3641 1972 3699 reduxerunt.
2055 3637 2518 3718 Cassivellaunus

430 3751 490 3802 35
516 3730 631 3788 hoc
674 3731 895 3805 proelio
929 3732 1193 3790 nuntiato
1220 3742 1309 3791 tot
1338 3731 1698 3789 detrimentis
1725 3731 2000 3807 acceptis,
2029 3731 2258 3790 vastatis
2288 3729 2516 3799 finibuS‚

517 3820 767 3878 maxime
817 3821 994 3880 etiam
1037 3832 1334 3898 permotus
1391 3822 1722 3882 defectione
1779 3823 2093 3894 civitatum,
2142 3823 2364 3898 legatos
2415 3838 2519 3897 per
