2796 4207
866 217 1007 270 LIB.
1047 218 1116 271 v.
1157 217 1325 272 CAP.
1371 216 1609 270 ΙΙΙ-Ἦ.
2182 202 2309 268 125

193 381 505 441 tannicum
531 380 751 441 bellum
778 380 953 439 rebus
987 380 1354 455 comparatiS,
1387 378 1854 439 Indutiomarum
1883 378 1961 438 ad
1988 398 2052 439 se
2081 398 2219 440 cum

195 490 274 533 cc
315 473 618 533 obsidibus
646 472 842 530 venire
884 472 1064 530 iussit.
1151 472 1264 529 His
1306 469 1594 543 adductiS,
1629 472 1690 529 in
1733 471 1799 529 iis
1828 471 1947 529 filio
1981 473 2215 548 propin-

195 565 449 641 quisque
492 564 618 623 eius
660 564 948 635 omnibuS,
979 581 1127 638 quos
1167 562 1512 621 nominatim
1556 572 1916 635 evocaverat,
1948 564 2214 621 consola·

193 666 292 715 tus
337 654 807 714 Indutiomarum
855 655 1230 729 hortatusque
1281 663 1386 728 est,
1440 654 1523 711 uti
1570 654 1632 711 in
1672 654 1867 712 officio
1914 664 2213 728 maneret3

189 747 382 806 nihilo
416 756 616 805 tamen
650 746 838 805 secius
865 746 1224 821 principibus
1256 746 1643 804 Treverorum
1671 744 1749 803 ad
1786 762 1849 803 se
1877 746 2215 804 convocatis
2245 764 2272 818 5

189 838 309 898 hos
347 837 680 913 singillatim
709 837 1064 912 Cingetorigi
1109 836 1454 907 conciliavit,
1486 837 1650 911 quod
1688 854 1823 895 cum
1853 836 2061 894 merito
2090 836 2215 895 eius

189 949 230 989 a
258 948 326 989 se
354 930 479 987 fieri
521 928 907 1004 intellegebat,
938 937 1062 986 tum
1106 929 1301 1004 magni
1341 929 1619 986 interesse
1662 927 2059 1000 arbitrabatur,
2091 928 2214 986 eius

189 1023 605 1082 auctoritatem
659 1023 811 1080 inter
858 1040 994 1079 suos
1043 1039 1218 1096 quam
1260 1021 1575 1098 plurimum
1618 1021 1827 1093 valere,
1878 1022 2043 1079 cuius
2093 1032 2212 1079 tam

189 1114 491 1191 egregiam
547 1114 608 1171 in
663 1132 726 1171 se
781 1114 1138 1172 voluntatem
1193 1113 1597 1189 perspexisset.
1686 1112 1759 1170 Id
1815 1113 1941 1171 tulit
1994 1113 2210 1171 factum

185 1206 446 1281 graviter
486 1203 939 1277 Indutiomarus,
989 1222 1152 1263 suam
1202 1205 1443 1279 gratiam
1491 1204 1640 1262 inter
1696 1222 1831 1263 suos
1881 1203 2082 1276 minui,
2134 1213 2210 1278 et,
2244 1227 2302 1263 10

187 1297 298 1373 qui
337 1297 459 1355 iam
507 1305 642 1354 ante
687 1296 926 1355 inimico
974 1297 1036 1355 in
1084 1314 1191 1355 nos
1237 1295 1434 1354 animo
1483 1296 1699 1368 fuisset,
1752 1295 1935 1355 multo
1983 1295 2211 1373 gravius

188 1388 315 1446 hoc
358 1386 563 1445 dolore
607 1386 834 1445 exarsit.

192 1578 418 1632 Cacsar
428 1575 665 1647 gatkers
687 1575 780 1629 Itis
785 1578 980 1648 forces
1003 1582 1069 1629 at
1078 1579 1288 1645 portus
1305 1576 1497 1640 Νέας,-
1532 1576 1625 1629 his
1648 1580 1836 1648 troops
1847 1581 2071 1647 pursue
2094 1579 2223 1632 and

757 1657 882 1727 slay
901 1656 1275 1729 thefaithless
1298 1658 1647 1711 Dumnorix.

272 1791 348 1849 V.
395 1791 511 1850 His
551 1790 724 1849 rebus
764 1790 1092 1873 constitutis
1122 1791 1338 1850 Caesar
1365 1791 1444 1850 ad
1486 1801 1719 1867 portum
1750 1793 1928 1851 Itium
1964 1811 2101 1852 cum
2127 1794 2207 1852 le·

185 1881 466 1959 gionibus
505 1882 785 1957 pervenit.
868 1882 961 1940 Ibi
1002 1882 1324 1957 cognoscit,
1355 1898 1434 1939 Lx
1474 1900 1669 1954 naves,
1700 1901 1850 1959 quae
1892 1884 1954 1941 in
1993 1884 2207 1942 Meldis

188 1974 384 2032 factae
418 1982 600 2045 erant,
628 1981 976 2049 tempestate
1018 1973 1260 2031 reiectas
1299 1991 1531 2031 cursum
1560 1983 1758 2032 tenere
1797 1993 1919 2032 non
1946 1976 2207 2051 potuisse
2239 1990 2295 2043 15

185 2073 369 2141 atque
414 2061 648 2136 eodem,
678 2062 837 2123 unde
879 2072 1041 2122 erant
1083 2065 1396 2141 profectae,
1439 2065 1776 2139 revertisse,
1819 2065 2067 2142 reliquas
2108 2084 2207 2142 pa-

187 2168 344 2216 ratas
372 2156 451 2215 ad
491 2155 882 2232 navigandum
909 2167 1084 2233 atque
1124 2157 1395 2215 omnibus
1424 2157 1600 2215 rebus
1635 2159 1939 2216 instructas
1968 2159 2204 2218 invenit.

188 2249 430 2310 Eodem
460 2251 748 2326 equitatus
776 2249 952 2308 totius
983 2248 1202 2308 Galliae
1231 2248 1506 2307 convenit
1523 2266 1767 2307 numero
1790 2249 2011 2308 milium
2040 2261 2203 2326 quat·

184 2355 328 2404 tuor
367 2345 782 2423 principesque
831 2363 906 2404 ex
953 2343 1226 2402 omnibus
1273 2341 1637 2417 civitatibus3
1700 2361 1774 2401 ex
1821 2343 2032 2419 quibus
2080 2362 2206 2419 per-

182 2455 435 2513 paucOS‚
464 2426 713 2514 quorum
741 2438 802 2497 in
830 2456 891 2497 se
920 2436 1103 2497 fidem
1136 2444 1527 2512 perspexerat,
1557 2435 1879 2511 relinquere
1908 2435 1968 2493 in
1998 2436 2201 2508 Gallia,
2232 2453 2294 2490 20

182 2528 446 2604 reliquos
486 2528 760 2588 obsidum
800 2529 934 2588 loco
969 2546 1168 2588 secum
1211 2526 1427 2587 ducere
1471 2526 1823 2600 decreverat,
1854 2527 2035 2603 quod,
2066 2545 2203 2586 cum

183 2619 317 2695 ipse
359 2619 607 2692 abesset,
651 2629 876 2678 motum
921 2619 1141 2678 Galliae
1182 2619 1502 2678 verebatur.

268 2711 378 2769 VI.
424 2711 565 2768 Erat
591 2729 710 2769 una
741 2729 876 2768 curn
913 2711 1118 2768 ceteris
1149 2709 1477 2768 Dumnorix
1513 2708 1771 2781 AeduuS,
1802 2708 1879 2767 de
1918 2727 2037 2784 quo
2066 2719 2201 2768 ante

185 2802 262 2860 ab
293 2801 466 2861 nobis
508 2800 733 2860 dictum
762 2811 865 2860 est.
950 2803 1133 2860 Hune
1175 2819 1377 2859 secum
1416 2801 1629 2860 habere
1660 2802 1720 2860 in
1758 2801 1955 2877 primis
1985 2803 2198 2860 consti-

183 2901 396 2965 tuerat,
426 2892 589 2968 quod
619 2911 753 2952 eum
783 2891 1064 2968 cupidum
1094 2910 1286 2950 rerum
1313 2910 1613 2964 novarum,
1644 2892 1923 2968 cupidum
1953 2894 2198 2969 imperii,
2228 2909 2289 2962 25

183 2984 386 3059 magni
435 2983 630 3054 animi,
682 3002 926 3060 magnae
981 2984 1131 3042 inter
1179 2982 1377 3042 Gallos
1427 2984 1778 3042 auctoritatis
1827 2995 2198 3059 cognoverat.

183 3073 532 3133 Accedebat
558 3073 692 3146 hue,
724 3072 888 3150 quod
929 3074 988 3132 in
1022 3074 1271 3133 concilio
1299 3064 1641 3132 Aeduorum
1671 3074 1999 3133 Dumnorix
2036 3073 2198 3133 dixe-

181 3173 291 3236 rat,
335 3165 447 3223 sibi
490 3183 526 3222 a
579 3165 828 3224 Caesare
882 3183 1126 3240 regnum
1177 3165 1417 3223 civitatis
1462 3164 1707 3238 deferri3
1764 3164 1926 3240 quod
1976 3165 2198 3224 dictum

184 3255 381 3315 Aedui
436 3255 680 3331 graviter
733 3256 1012 3328 ferebant,
1068 3274 1262 3331 neque
1323 3255 1632 3314 recusandi
1686 3266 1786 3314 aut
1839 3256 2199 3333 deprecandi

185 3364 366 3405 causa
411 3346 633 3422 legatos
682 3345 757 3404 ad
808 3346 1119 3405 Caesarem
1169 3347 1396 3405 mittere
1453 3346 1763 3405 audebant.
1852 3347 1925 3405 Id
1981 3348 2198 3407 factum
2222 3366 2290 3420 30

186 3454 260 3495 ex
301 3437 420 3496 suis
461 3436 786 3512 hospitibus
835 3437 1052 3496 Caesar
1091 3445 1460 3513 cognoverat.
1548 3437 1651 3496 Ille
1695 3439 1966 3496 omnibus
2008 3440 2198 3514 primo

185 3528 459 3603 precibus
495 3537 696 3603 petere
734 3527 1054 3599 contendit,
1083 3537 1148 3586 ut
1179 3529 1237 3586 in
1283 3528 1471 3586 Gallia
1510 3528 1943 3603 relinqueretur,
1988 3529 2196 3605 partim

187 3619 350 3694 quod
377 3620 640 3678 insuetus
673 3618 984 3694 navigandi
1017 3638 1174 3678 mare
1204 3620 1453 3691 timeret,
1483 3620 1691 3696 partim
1722 3619 1884 3694 quod
1910 3622 2195 3696 religioni-

184 3710 294 3768 bus
323 3709 592 3786 impediri
632 3728 759 3768 sese
797 3708 1034 3769 diceret.
1123 3713 1511 3786 Posteaquam
1540 3710 1599 3769 id
1638 3712 1926 3770 obstinate
1960 3712 2065 3771 sibi
2095 3731 2194 3771 ne-

184 3801 304 3877 gari
345 3800 509 3873 vidit,
553 3800 713 3859 omni
762 3819 866 3877 spe
911 3801 1260 3877 impetrandi
1302 3800 1596 3878 adempta,
1641 3801 1932 3878 principes
1974 3803 2196 3861 Galliae
2225 3815 2283 3866 35
