2796 4207
825 256 969 309 ΜΒ.
1009 255 1146 310 vn.
1191 254 1360 309 cAP.
1404 255 1766 310 L1v-Lvn.
2218 240 2344 309 196

226 440 305 482 ne
339 422 440 481 cui
468 430 623 480 esset
650 420 779 480 usui
807 419 1109 491 Romanis,
1133 417 1541 491 incenderunt,
1565 418 1838 480 frumenti
1866 419 2030 497 quod
2060 422 2254 484 subito

223 522 572 589 potuerunt,
621 511 863 570 navibus
916 520 1254 583 avexerunt,
1302 510 1594 586 reliquum
1643 510 1880 570 flumine
1938 521 2116 589 atque
2166 514 2250 573 in-

224 602 455 663 cendio
516 612 915 679 corruperunt.
1029 601 1151 677 Ipsi
1206 618 1281 660 ex
1334 600 1595 661 finitimis
1657 602 1993 679 regionibus
2050 605 2252 681 copias

224 710 469 771 cogere,
526 692 818 770 praesidia
868 692 1284 769 custodiasque
1332 690 1413 751 ad
1459 692 1615 769 ripas
1667 694 1885 771 Ligeris
1936 694 2250 772 disponere

224 786 679 863 equitatumque
715 784 987 853 omnibus
1019 783 1164 843 locis
1193 783 1472 843 iniciendi
1501 785 1723 857 timoris
1754 805 1932 847 causa
1958 796 2250 847 ostentare
2283 808 2308 861 5

224 885 579 953 coeperunt,
612 875 660 933 si
697 875 772 933 ab
810 892 871 933 re
900 874 1273 934 frumentaria
1302 876 1608 936 Romanos
1651 877 1963 939 excludere
2005 888 2106 938 aut
2146 878 2249 937 ad·

226 968 451 1027 ductos
496 966 697 1041 inopia
735 966 795 1023 in
836 966 1201 1041 provinciam
1250 967 1540 1043 expellere
1588 980 1849 1046 possent.
1935 970 2132 1045 Quam
2173 968 2250 1029 ad

226 1076 405 1135 spem
433 1056 681 1115 multum
718 1073 821 1115 eos
854 1056 1185 1128 adiuvabat,
1216 1058 1381 1133 quod
1415 1059 1586 1137 Liger
1613 1078 1688 1119 ex
1716 1061 1944 1121 nivibus
1971 1069 2248 1133 creverat,

226 1160 299 1207 ut
327 1148 575 1207 omnino
604 1145 759 1205 vado
788 1164 909 1205 non
938 1164 1111 1223 posse
1142 1150 1367 1208 transiri
1394 1150 1706 1210 videretur.

316 1239 477 1298 LVI.
523 1237 753 1312 Quibus
780 1237 954 1296 rebus
982 1239 1231 1313 cognitis
1266 1241 1486 1300 Caesar
1517 1240 1928 1302 maturandum
1967 1242 2076 1301 sibi
2109 1260 2246 1301 cen·
2282 1271 2339 1307 10

229 1330 369 1401 suit,
399 1329 447 1387 si
477 1338 630 1387 esset
657 1328 717 1385 in
744 1327 1117 1403 perficiendis
1160 1332 1440 1406 pontibus
1481 1330 1948 1408 periclitandum,
1981 1342 2043 1391 ut
2069 1333 2246 1409 prius,

231 1438 417 1497 quam
446 1428 651 1477 essent⁴
669 1419 917 1476 maiores
945 1436 1020 1476 eo
1048 1432 1291 1480 coactae
1331 1423 1560 1498 copiae,
1591 1422 1911 1482 dimicaret.
1998 1423 2156 1482 Nam
2184 1434 2249 1481 ut

232 1519 605 1569 cummutato
660 1508 906 1567 consilio
950 1508 1058 1567 iter
1102 1512 1161 1569 in
1209 1513 1571 1589 provinciam
1628 1523 2012 1585 converteret,
2058 1512 2120 1572 id
2168 1531 2246 1573 ne

233 1613 401 1663 metu
442 1601 684 1679 quidem
726 1603 1057 1661 necessario
1098 1606 1438 1666 faciundum
1479 1607 1864 1677 existimabat,
1903 1626 2043 1665 cum
2082 1606 2246 1683 quod

234 1694 477 1755 infamia
517 1701 692 1768 atque
736 1691 1050 1769 indignitas
1088 1697 1170 1755 rei
1198 1707 1258 1755 et
1284 1698 1589 1773 oppositus
1618 1716 1788 1757 mons
1817 1697 2106 1757 Cebenna
2130 1698 2244 1755 via-
2284 1729 2338 1781 ¹5

234 1806 487 1865 rumque
532 1786 839 1845 difficultas
880 1787 1257 1863 impediebat,
1296 1796 1421 1847 tum
1460 1788 1711 1846 maxime
1754 1786 1937 1863 quod,
1969 1788 2248 1848 abiuncto

238 1879 507 1939 Labieno
547 1888 723 1955 atque
767 1878 835 1937 iis
875 1878 1217 1955 legionibuS‚
1247 1896 1391 1954 quas
1432 1896 1550 1937 una
1590 1879 1842 1951 miserat,
1870 1878 2249 1938 vehementer

238 1970 504 2030 timebat.
616 1970 823 2045 Itaque
879 1968 1203 2028 admodum
1258 1968 1484 2045 magnis
1547 1967 1766 2028 diurnis
1828 1970 2246 2046 nocturnisque

237 2062 541 2124 itineribus
586 2060 869 2122 confectis
913 2070 1117 2120 contra
1158 2059 1422 2120 omnium
1467 2059 1810 2136 opinionem
1855 2059 1934 2120 ad
1978 2060 2246 2138 Ligerem

236 2155 419 2227 venit,
446 2152 719 2230 vadoque
747 2170 853 2229 per
880 2153 1105 2229 equites
1133 2152 1371 2211 invento
1400 2169 1508 2228 pro
1536 2152 1618 2210 rei
1647 2152 1991 2210 necessitate
2029 2170 2244 2229 oppor-
2281 2177 2340 2212 20

238 2259 410 2320 tun0‚
456 2256 519 2304 ut
568 2243 803 2304 brachia
850 2242 1033 2302 modo
1079 2252 1258 2319 atque
1306 2241 1534 2302 humeri
1580 2241 1658 2301 ad
1705 2242 2046 2303 sustinenda
2088 2261 2250 2302 arma

237 2340 405 2400 liberi
445 2340 521 2399 ab
563 2357 716 2415 aqua
756 2354 883 2396 esse
925 2344 1185 2412 possent,
1215 2331 1501 2411 disposito
1543 2334 1822 2411 equitatu,
1859 2335 1959 2410 qui
1986 2335 2104 2394 vim
2142 2335 2246 2394 flu-

240 2432 416 2492 minis
454 2430 806 2506 refringeret,
843 2437 1019 2504 atque
1061 2425 1323 2485 hostibus
1364 2425 1556 2501 primo
1599 2435 1840 2502 aspectu
1881 2426 2246 2501 perturbatis,

239 2526 600 2585 incolumem
642 2522 961 2583 exercitum
995 2518 1263 2589 traduxit,
1290 2519 1764 2594 frumentumque
1793 2519 1852 2576 in
1881 2519 2030 2594 agris
2058 2527 2118 2577 et
2145 2536 2246 2595 pe-

239 2617 395 2676 coris
422 2615 657 2692 copiam
686 2623 911 2684 nactuS,
934 2611 1156 2687 repleto
1186 2610 1273 2669 his
1300 2611 1475 2669 rebus
1497 2610 1751 2668 exercitu
1774 2610 1882 2667 iter
1903 2610 1963 2668 in
1986 2610 2250 2670 Senones
2281 2639 2308 2676 2
2315 2639 2341 2692 5

242 2713 433 2773 facere
463 2709 723 2769 instituit.

242 2871 599 2929 Meanwhile
633 2870 724 2926 the
756 2867 1071 2940 expedition
1104 2866 1179 2938 qs
1189 2862 1477 2918 Labienus
1510 2861 1744 2933 against
1775 2860 2006 2916 Lutetia
2043 2860 2094 2913 is
2130 2869 2248 2914 :ruc-

829 2948 1055 3021 cesrful.
1134 2946 1229 3000 He
1235 2945 1403 3015 joins
1431 2942 1658 2998 Caesar.

325 3074 518 3134 LVII.
563 3075 723 3134 Dum
766 3071 914 3132 haec
953 3068 1115 3146 apud
1152 3067 1467 3128 Caesarem
1508 3073 1802 3140 geruntur,
1845 3063 2135 3123 Labienus
2176 3081 2252 3122 eo

242 3165 676 3244 supplementO,
705 3160 869 3240 quod
906 3178 1095 3237 nuper
1126 3177 1201 3218 ex
1230 3157 1398 3216 Italia
1427 3164 1682 3226 venerat,
1714 3154 1916 3213 relicto
1943 3151 2250 3230 Agedinci,

243 3266 310 3317 ut
355 3266 511 3316 esset
556 3252 989 3330 impedimentis
1045 3248 1357 3327 praesidi0,
1409 3265 1547 3306 cum
1598 3255 1874 3322 quattuor
1925 3244 2251 3322 legionibus

247 3349 536 3408 Lutetiam
587 3346 983 3424 proficiscitur.
1071 3343 1144 3402 Id
1194 3352 1283 3402 est
1330 3340 1621 3419 oppidum
1670 3338 2036 3411 Parisiorum,
2087 3336 2252 3414 quod
2278 3372 2342 3424 30

245 3439 503 3516 positum
540 3449 630 3498 est
657 3438 717 3496 in
746 3436 931 3496 insula
956 3433 1207 3494 fluminis
1237 3434 1563 3511 Sequanae.
1650 3430 1836 3492 Cuius
1877 3428 2134 3490 adventu
2176 3430 2252 3489 ab

246 3529 513 3590 hostibus
549 3527 807 3604 cognito,
838 3543 1084 3602 magnae
1113 3543 1188 3584 ex
1214 3524 1472 3583 finitimis
1511 3522 1840 3582 civitatibus
1867 3521 2078 3598 copiae
2106 3537 2250 3580 con-

246 3631 547 3684 venerunt.
630 3621 869 3681 Summa
894 3619 1122 3696 imperii
1148 3616 1389 3678 traditur
1417 3616 1823 3693 Camulogeno
1851 3615 2122 3687 Aulerc0,
2152 3614 2251 3690 qui

249 3731 435 3791 prope
464 3711 769 3772 confectus
806 3718 995 3770 aetate
1037 3719 1234 3767 tamen
1276 3717 1517 3784 propter
1557 3707 1904 3784 singularem
1949 3705 2254 3765 scientiam

250 3806 331 3865 rei
380 3805 637 3863 militaris
685 3802 763 3862 ad
812 3821 949 3862 eum
996 3811 1085 3860 est
1133 3801 1419 3860 honorem
1463 3808 1757 3859 evocatus.
1844 3798 1902 3857 Is
1947 3817 2084 3856 cum
2131 3799 2250 3856 ani·
2282 3828 2342 3880 35
