2796 4207
463 245 589 311 110
1100 264 1212 317 DE
1265 264 1521 317 BELLO
1574 262 1924 317 GALLICO

474 498 479 503 .
549 434 724 501 atque
753 425 878 485 ovis
905 426 1099 484 avium
1127 426 1319 484 vivere
1363 425 1779 497 existimantur,
1820 423 2129 500 multisque
2172 424 2461 501 capitibus
2493 426 2560 485 in
2609 447 2666 496 ,s

549 520 854 579 Oceanum
885 520 1087 578 influit.
2384 507 2594 586 „df

625 612 732 669 XI.
777 611 992 671 Caesar
1021 630 1156 670 cum
1185 613 1261 672 ab
1291 612 1459 671 hoste
1490 629 1613 670 non
1640 611 1886 687 amplius
1916 628 2193 685 passuum
2212 626 2297 669 xn
2320 610 2551 669 milibus

545 701 792 774 abesset,
824 712 887 760 ut
915 712 1036 760 erat
1063 704 1466 774 constitutum,
1496 701 1573 759 ad
1616 719 1750 760 eum
1794 702 1965 776 legati
2006 709 2369 759 revertuntur
2386 721 2405 773 3
2448 702 2554 775 qui

492 806 519 859 5
545 791 606 849 in
654 792 854 850 itinere
902 794 1199 869 congressi
1248 810 1627 869 magnopere,
1680 810 1754 850 ne
1803 792 2032 867 longius
2087 790 2555 868 progrederetur,

545 882 802 941 orabant.
887 883 1042 943 Cum
1087 884 1148 943 id
1196 902 1314 943 non
1373 886 1799 960 impetrassent,
1852 884 2149 959 petebant,
2200 883 2283 941 uti
2326 882 2405 941 ad
2448 901 2557 943 eos

545 974 788 1048 equiteS,
819 975 920 1049 qui
947 993 1158 1051 agmen
1188 976 1653 1046 antecessissent,
1682 976 2076 1051 praemitteret
2106 992 2327 1049 eosque
2357 992 2558 1051 pugna

543 1064 893 1140 prohiberet,
943 1066 1169 1141 sibique
1215 1077 1280 1125 ut
1326 1076 1680 1142 potestatem
1732 1067 1945 1125 faceret
1989 1067 2048 1123 in
2094 1066 2282 1125 Ubios
2331 1066 2557 1142 legatos

543 1155 847 1229 mittendi,
905 1175 1156 1232 quorum
1207 1158 1254 1216 si
1294 1158 1585 1233 principes
1631 1175 1701 1215 ac
1748 1166 1983 1215 senatus
2028 1156 2135 1215 sibi
2183 1156 2555 1215 iureiurando

459 1274 518 1309 ιο
543 1245 724 1305 fidem
768 1247 1016 1319 fecisset,
1061 1267 1132 1307 ea
1178 1247 1551 1319 condicione,
1606 1265 1758 1323 quae
1807 1265 1843 1305 a
1886 1247 2138 1306 Caesare
2184 1248 2441 1319 ferretur,
2486 1266 2553 1306 se

543 1334 748 1396 usuros
807 1338 1231 1397 ostendebant:
1305 1338 1381 1397 ad
1438 1339 1541 1396 has
1600 1356 1687 1396 res
1742 1337 2141 1397 conficiendas
2204 1337 2312 1397 sibi
2376 1336 2555 1397 tridui

543 1432 793 1506 spatium
849 1431 1032 1499 daret.
1118 1434 1290 1491 Haec
1340 1432 1538 1490 omnia
1585 1431 1803 1490 Caesar
1850 1429 2065 1489 eodem
2113 1431 2211 1490 illo
2258 1431 2553 1507 pertinere

543 1522 933 1595 arbitrabatur,
981 1533 1043 1582 ut
1087 1522 1260 1582 tridui
1317 1540 1483 1581 mora
1522 1522 1863 1597 interposita
1906 1524 2129 1598 equites
2179 1540 2401 1594 eorum,
2447 1524 2555 1598 qui

543 1613 832 1685 abessent,
888 1624 1345 1687 reverterentur;
1416 1622 1614 1671 tamen
1668 1630 1797 1671 sese
1854 1631 1976 1672 non
2031 1614 2257 1689 longius
2318 1613 2553 1672 milibus

460 1719 518 1772 15
543 1722 818 1780 passuum
848 1714 1120 1779 quattuor
1147 1704 1471 1781 aquationis
1500 1722 1675 1761 causa
1703 1721 2110 1780 processurum
2140 1722 2213 1764 eo
2237 1703 2334 1763 die
2363 1703 2509 1762 dixit
2536 1726 2549 1762 ε

544 1796 659 1853 huc
681 1804 917 1870 postero
940 1794 1035 1854 die
1065 1814 1242 1872 quam
1266 1794 1712 1871 frequentissimi
1740 1796 2137 1863 convenirent,
2158 1805 2223 1853 ut
2243 1793 2320 1853 de
2343 1812 2551 1853 eorum

544 1886 846 1962 postulatis
874 1896 1276 1962 cognosceret.
1353 1887 1595 1945 Interim
1624 1885 1701 1944 ad
1731 1886 2075 1962 praefectOS,
2100 1886 2359 1961 quicum
2382 1888 2551 1945 omni

545 1978 805 2054 equitatu
835 1986 1282 2050 antecesserant,
1312 1978 1503 2049 mittit,
1535 1978 1637 2052 qui
1665 1978 2016 2049 nuntiarent,
2046 1996 2121 2035 ne
2152 1977 2347 2037 hostes
2376 1996 2549 2054 proe-

553 2067 630 2127 lio
685 2068 1035 2127 lacesserent
1079 2078 1155 2141 et,
1197 2069 1245 2128 si
1290 2068 1401 2144 ipsi
1450 2068 1886 2140 lacesserentur,
1936 2068 2299 2140 sustinerent,
2350 2068 2552 2145 quoad

449 2187 512 2222 20
545 2161 669 2235 ipse
698 2177 832 2217 cum
865 2161 1121 2219 exercitu
1147 2161 1386 2236 propius
1416 2161 1770 2219 accessisset.
2610 2233 2617 2240 ρ

623 2251 765 2308 ΧΠ.
808 2253 885 2309 At
914 2250 1128 2323 hostes,
1159 2251 1260 2310 ubi
1288 2252 1541 2326 primum
1571 2261 1799 2310 nostros
1828 2251 2055 2326 equites
2095 2261 2551 2326 conspexerunt,

545 2361 792 2418 quorum
820 2352 941 2401 erat
969 2343 1227 2419 quinque
1267 2343 1491 2401 milium
1525 2360 1815 2415 numeruS,
1846 2361 1983 2400 cum
2012 2343 2122 2418 ipsi
2150 2360 2269 2401 non
2299 2344 2553 2418 amplius

544 2434 912 2509 octingentos
949 2436 1174 2511 equites
1211 2435 1513 2507 haberent,
1545 2434 1708 2510 quod
1737 2435 1793 2506 ii,
1824 2435 1924 2510 qui
1953 2433 2344 2493 frumentandi
2373 2453 2555 2495 causa

545 2528 726 2588 ierant
747 2538 900 2588 trans
921 2530 1171 2601 Mosam,
1192 2529 1458 2588 nondum
1475 2528 1781 2600 redierant,
1801 2528 1941 2587 nihil
1958 2527 2297 2588 timentibus
2318 2529 2549 2602 nostriS,

459 2641 515 2693 ²5
543 2622 707 2698 quod
734 2623 908 2698 legati
937 2641 1138 2681 eorum
1167 2624 1342 2698 paulo
1369 2634 1505 2681 ante
1535 2641 1571 2680 a
1598 2622 1848 2681 Caesare
1878 2621 2266 2680 discesserant
2292 2631 2469 2697 atque
2502 2623 2551 2683 is

543 2713 670 2772 dies
699 2713 932 2782 indutiis
961 2723 1080 2772 erat
1108 2714 1183 2773 ab
1213 2714 1299 2772 his
1328 2715 1561 2791 petitus,
1587 2714 1811 2790 impetu
1840 2713 1995 2772 facto
2024 2713 2287 2772 celeriter
2313 2723 2550 2774 nostros

541 2806 1058 2882 perturbaverunt3
1114 2824 1305 2864 rursus
1358 2806 1775 2877 resistentibus,
1825 2803 2252 2864 consuetudine
2310 2822 2416 2863 sua
2470 2805 2551 2866 ad

542 2896 726 2973 pedes
777 2896 1149 2967 desiluerunt,
1205 2897 1485 2956 subfossis
1542 2898 1707 2972 equis
1762 2897 2277 2972 compluribusque
2336 2899 2548 2957 nostris

541 2988 784 3048 deiectis
824 2988 1076 3063 reliquos
1117 2988 1178 3045 in
1218 2988 1415 3064 fugam
1457 2989 1836 3047 coniecerunt
1876 2999 2052 3063 atque
2089 2989 2170 3047 ita
2210 2990 2545 3063 perterritos

455 3102 518 3153 30
542 3088 802 3155 egerunt,
833 3087 895 3135 ut
931 3095 1054 3136 non
1095 3077 1251 3155 prius
1294 3078 1431 3154 fuga
1466 3078 1829 3150 desisterent,
1860 3097 2036 3154 quam
2067 3080 2129 3138 in
2157 3089 2545 3154 conspectum

541 3170 785 3246 agminis
818 3170 997 3228 nostri
1027 3169 1333 3228 venissent.
1422 3171 1493 3226 In
1522 3187 1596 3228 eo
1625 3170 1847 3244 proelio
1886 3188 1959 3227 ex
2000 3170 2290 3245 equitibus
2332 3170 2543 3229 nostris

541 3261 960 3321 interficiuntur
1006 3269 1280 3335 quattuor
1319 3270 1378 3317 et
1420 3260 1802 3336 septuaginta,
1844 3261 1905 3317 in
1948 3260 2036 3318 his
2076 3261 2162 3319 vir
2200 3260 2543 3319 fortissimus

543 3354 674 3411 Piso
702 3353 1046 3426 AquitanuS,
1077 3350 1433 3426 amplissimo
1474 3368 1689 3426 genere
1728 3360 1915 3422 natuS,
1946 3351 2110 3409 cuius
2151 3369 2291 3408 avus
2320 3351 2382 3409 in
2410 3351 2545 3408 civi-

539 3453 655 3502 tate
685 3462 789 3500 sua
816 3461 1056 3518 regnum
1091 3442 1439 3512 obtinuerat,
1468 3441 1690 3500 amicus
1718 3441 1792 3500 ab
1821 3451 2023 3500 senatu
2062 3449 2261 3499 nostro
2290 3442 2544 3516 appella-

451 3546 512 3598 35
539 3543 648 3592 tuS.
735 3533 854 3591 Hic
895 3551 1032 3592 cum
1069 3533 1223 3592 fratri
1263 3532 1574 3591 intercluso
1617 3531 1691 3590 ab
1732 3532 1993 3591 hostibus
2034 3532 2309 3590 auxilium
2351 3532 2540 3603 ferret,

539 3624 696 3682 illum
727 3642 801 3682 ex
827 3624 1086 3699 periculo
1115 3623 1340 3698 eripuit,
1371 3623 1496 3698 ipse
1526 3639 1681 3697 equo
1711 3621 2006 3682 vulnerato
2036 3621 2316 3694 deiectuS,
2341 3622 2540 3699 quoad

539 3714 743 3789 potuit,
765 3715 1071 3774 fortissime
1094 3713 1296 3773 restitit
1317 3734 1333 3786 ;
1377 3732 1513 3773 cum
1536 3713 1963 3772 circumventus
1994 3713 2187 3772 multis
2208 3714 2539 3774 vulneribus

538 3807 794 3881 acceptis
824 3805 1133 3864 cecidisset
1158 3813 1334 3879 atque
1362 3803 1429 3861 id
1455 3805 1640 3876 frater,
1665 3804 1765 3879 qui
1794 3805 1909 3861 iam
1938 3805 2161 3878 proelio
2191 3816 2535 3878 excesserat,
