2796 4207
464 185 589 250 200
1114 202 1223 255 ΒΕ
1276 200 1531 255 BELLO
1584 200 1930 255 GALLICO

546 362 809 439 catisque
856 361 935 421 ad
989 362 1304 421 concilium
1360 362 1666 437 praefectis
1723 363 1985 437 equitum
2035 364 2263 422 venisse
2319 373 2554 440 tempus

546 453 819 513 victoriae
852 452 1250 511 demonstrat:
1296 453 1494 529 fugere
1523 452 1584 511 in
1611 454 1970 527 provinciam
2001 455 2307 513 Romanos
2335 456 2550 515 Gallia-

544 560 661 619 que
689 542 997 603 excedere.
1070 542 1143 601 Id
1170 542 1279 601 sibi
1306 541 1383 601 ad
1413 552 1782 618 praesentem
1809 544 2192 603 obtinendam
2221 546 2549 605 libertatem

542 634 679 693 satis
720 651 889 707 esse3
944 632 1021 693 ad
1062 633 1267 709 reliqui
1308 633 1588 709 temporis
1629 650 1837 709 pacem
1884 644 2060 711 atque
2106 637 2293 696 otium
2343 654 2550 712 parum

488 744 517 799 5
542 724 783 801 profici:
828 724 1142 783 maioribus
1170 724 1329 783 enim
1349 724 1570 783 coactis
1593 724 1780 799 copiis
1801 744 2127 786 reversuros
2151 744 2345 801 neque
2369 726 2550 785 finem

544 815 793 875 bellandi
822 816 1091 893 facturos.
1166 814 1416 875 Proinde
1445 815 1676 891 agmine
1709 815 2025 893 impeditos
2053 817 2408 877 adoriantur.
2489 819 2548 877 Si

540 906 769 983 pedites
810 907 925 965 suis
960 906 1235 965 auxilium
1262 906 1448 965 serant
1477 915 1652 983 atque
1681 906 1740 965 in
1769 924 1844 966 eo
1873 918 2190 983 morentur,
2221 910 2330 967 iter
2357 908 2548 967 facere

539 1016 661 1057 non
688 1016 902 1075 posse3
946 997 1011 1069 si,
1042 996 1103 1057 id
1136 997 1301 1073 quod
1344 998 1528 1075 magis
1570 998 1825 1057 futurum
1867 1000 2147 1072 confidat,
2188 1000 2402 1059 relictis
2436 1000 2544 1057 im-

540 1088 893 1165 pedimentis
920 1106 1059 1147 suae
1088 1090 1254 1148 saluti
1285 1088 1609 1160 consulant,
1639 1100 1698 1147 et
1727 1108 1835 1149 usu
1864 1108 2056 1150 rerum
2091 1092 2545 1150 necessariarum

455 1204 515 1241 ιο
540 1190 599 1238 et
626 1178 909 1255 dignitate
948 1179 1257 1255 spoliatum
1288 1180 1369 1239 iri.
1459 1181 1614 1239 Nam
1649 1179 1725 1241 de
1765 1182 2054 1258 equitibus
2096 1182 2371 1254 hostium,
2402 1182 2545 1257 quin

538 1289 716 1330 nemo
758 1290 961 1332 eorum
1002 1270 1275 1347 progredi
1311 1270 1494 1331 modo
1529 1280 1690 1331 extra
1723 1290 1935 1349 agmen
1961 1271 2195 1344 audeat,
2226 1272 2388 1348 ipsos
2414 1273 2542 1347 qui-

539 1361 679 1422 dem
722 1380 844 1423 non
892 1362 1111 1423 debere
1156 1362 1442 1423 dubitare.
1527 1361 1600 1421 Id
1641 1381 1763 1438 quo
1803 1364 2021 1422 maiore
2065 1364 2282 1423 faciant
2323 1363 2541 1435 animO,

538 1454 740 1531 copias
786 1472 849 1513 se
894 1472 1103 1513 omnes
1151 1471 1258 1530 pro
1302 1456 1504 1513 castris
1549 1453 1878 1513 habiturum
1923 1466 1982 1513 et
2029 1455 2230 1513 terrori
2281 1454 2544 1513 hostibus

538 1546 811 1607 futurum.
894 1546 1285 1607 Conclamant
1312 1547 1557 1621 equiteS,
1588 1546 1950 1607 sanctissimo
1989 1545 2361 1606 iureiurando
2398 1564 2540 1605 con-

452 1652 471 1689 ι
482 1652 509 1706 5
536 1637 747 1696 firmari
796 1647 1089 1714 oportere,
1131 1654 1207 1695 ne
1256 1647 1416 1696 tecto
1463 1637 1789 1713 recipiatur,
1835 1656 1910 1696 ne
1952 1637 2030 1696 ad
2073 1638 2304 1711 liberoS,
2349 1655 2423 1696 ne
2463 1638 2542 1696 ad

536 1738 825 1805 parenteS,
854 1727 931 1787 ad
974 1746 1215 1788 uxorem
1258 1727 1484 1787 aditum
1527 1727 1754 1800 habeat,
1786 1729 1887 1805 qui
1921 1747 2041 1788 non
2079 1729 2168 1789 bis
2196 1747 2304 1805 per
2330 1747 2540 1805 agmen

536 1819 788 1879 hostium
819 1820 1257 1896 perequitasset.

618 1921 862 1982 LXVII.
908 1922 1157 1981 Probata
1210 1939 1272 1980 re
1319 1931 1494 1997 atque
1549 1921 1822 1981 omnibus
1875 1920 2246 1983 iureiurando
2301 1920 2541 1994 adactis,

533 2022 768 2087 postero
808 2012 906 2073 die
948 2014 1008 2071 in
1048 2022 1161 2071 tres
1202 2022 1394 2089 partes
1437 2011 1743 2071 distributo
1785 2013 2040 2089 equitatu
2084 2011 2238 2071 duae
2283 2030 2345 2071 se
2388 2012 2544 2072 acies

447 2115 509 2152 ²0
532 2103 607 2163 ab
634 2101 867 2165 duobus
908 2105 1178 2165 lateribus
1219 2103 1556 2176 ostendunt,
1587 2123 1703 2162 una
1741 2123 1778 2162 a
1819 2105 2007 2181 primo
2033 2105 2267 2181 agmine
2309 2105 2417 2164 iter
2441 2105 2540 2163 im-

533 2194 735 2271 pedire
776 2198 991 2274 coepit.
1077 2197 1211 2272 Qua
1250 2215 1311 2256 re
1341 2197 1603 2256 nuntiata
1643 2197 1861 2256 Caesar
1899 2215 2069 2256 suum
2098 2214 2338 2273 quoque
2380 2199 2541 2272 equi-

531 2301 715 2349 tatum
756 2290 1038 2366 tripertito
1079 2288 1329 2348 divisum
1370 2297 1576 2347 contra
1602 2287 1832 2347 hostem
1872 2288 1954 2346 ire
1987 2288 2164 2347 iubet.
2251 2290 2546 2365 Pugnatur

532 2401 649 2441 una
695 2382 967 2441 omnibus
1008 2381 1069 2438 in
1117 2380 1395 2456 partibus
1480 2379 1758 2439 Consistit
1811 2398 2058 2456 agmen3
2123 2378 2548 2455 impedimenta

531 2475 680 2533 inter
722 2473 979 2549 legiones
1028 2473 1401 2548 recipiuntur.
1486 2471 1545 2533 Si
1591 2490 1710 2548 qua
1756 2473 1816 2531 in
1856 2483 2017 2548 parte
2059 2472 2239 2532 nostri
2284 2472 2548 2532 laborare

445 2582 503 2636 25
530 2576 630 2624 aut
656 2566 881 2643 gravius
922 2565 1108 2641 premi
1136 2563 1495 2636 videbantur,
1527 2581 1602 2624 eo
1643 2564 1806 2640 signa
1838 2565 2030 2622 inferri
2071 2565 2288 2625 Caesar
2329 2565 2548 2623 aciem-

530 2676 648 2734 que
690 2658 959 2716 constitui
1000 2658 1277 2730 iubebat;
1333 2675 1483 2734 quae
1526 2675 1616 2716 res
1659 2667 1717 2715 et
1758 2656 1955 2715 hostes
1995 2655 2072 2714 ad
2114 2655 2549 2731 insequendum

531 2749 796 2810 tardabat
836 2760 894 2810 et
942 2760 1169 2810 nostros
1211 2768 1315 2827 spe
1357 2749 1551 2808 auxilii
1601 2749 1998 2808 confirmabat.
2079 2747 2352 2806 Tandem
2399 2749 2543 2808 Ger·

532 2843 686 2900 mani
734 2842 810 2901 ab
857 2840 1063 2901 dextro
1108 2842 1282 2901 latere
1332 2859 1626 2899 summum
1673 2841 1870 2915 iugum
1921 2840 2117 2897 nancti
2165 2838 2363 2898 hostes
2411 2839 2548 2898 loco

530 2933 832 3010 depellunt
851 2955 869 3007 ;
938 2934 1223 3010 fugientes
1278 2951 1463 3009 usque
1528 2931 1604 2992 ad
1659 2933 1894 3004 flumen,
1953 2931 2051 2990 ubi
2107 2931 2547 3007 Vercingetorix

442 3047 505 3097 30
530 3044 666 3084 cum
721 3024 1084 3101 pedestribus
1139 3026 1323 3102 copiis
1378 3023 1744 3095 consederat,
1801 3033 2227 3099 persequuntur
2283 3024 2544 3100 complu-

530 3135 737 3193 resque
766 3117 1135 3177 interficiunt.
1219 3117 1353 3192 Qua
1380 3135 1442 3174 re
1485 3115 1885 3174 animadversa
1921 3114 2145 3191 reliqui,
2175 3132 2251 3173 ne
2295 3115 2540 3173 circum-

532 3209 763 3282 irentur,
791 3209 955 3268 veriti
996 3228 1058 3268 se
1100 3209 1268 3284 fugae
1309 3205 1611 3266 mandant.
1693 3205 1984 3266 Omnibus
2024 3205 2167 3264 locis
2205 3205 2272 3264 fit
2313 3204 2542 3265 caedes.

529 3299 674 3358 Tres
729 3299 1070 3359 nobilissimi
1125 3297 1317 3357 Aedui
1379 3297 1538 3373 capti
1599 3296 1676 3355 ad
1732 3297 2044 3356 Caesarem
2108 3295 2536 3372 perducuntur:

532 3389 735 3461 Cotus,
778 3390 1101 3466 praefectus
1142 3389 1424 3465 equitum,
1467 3388 1568 3463 qui
1616 3387 2068 3447 controversiam
2118 3405 2254 3446 cum
2301 3387 2538 3448 Convic-

444 3491 504 3545 35
529 3479 748 3538 tolitavi
805 3481 1081 3557 proximis
1126 3479 1376 3538 comitiis
1426 3478 1722 3550 habuerat,
1779 3487 1839 3536 et
1884 3477 2216 3549 Cavarillus,
2263 3481 2365 3554 qui
2414 3486 2536 3554 post

531 3569 922 3629 defectionem
953 3570 1228 3628 Litavicci
1256 3569 1621 3645 pedestribus
1650 3569 1836 3645 copiis
1864 3569 2205 3644 praefuerat,
2234 3579 2296 3628 et
2325 3569 2531 3645 Epore-

530 3656 713 3727 dorix,
740 3676 860 3732 quo
889 3658 1041 3716 duce
1070 3667 1205 3717 ante
1240 3657 1556 3718 adventurn
1596 3659 1858 3718 Caesaris
1880 3658 2073 3719 Aedui
2100 3677 2237 3718 cum
2267 3659 2530 3735 Sequanis

530 3743 682 3800 bello
710 3745 1149 3804 contenderant.
