2796 4207
859 237 1001 288 LIB.
1046 235 1089 289 1.
1134 235 1302 288 cAP.
1343 235 1840 287 XXXI—XXXII.
2311 218 2392 281 63

290 411 645 478 pararentur.
720 401 1002 457 Futurum
1032 416 1160 457 esse
1188 398 1389 472 paucis
1419 397 1602 468 anniS‚
1632 397 1715 454 uti
1743 414 1950 455 omnes
1979 413 2053 454 ex
2081 395 2302 455 Galliae

291 493 502 551 finibus
531 491 884 566 pellerentur
911 499 1085 564 atque
1117 505 1326 548 omnes
1351 489 1630 547 Germani
1653 488 1929 545 Rhenum
1958 487 2298 546 transirent:

293 601 485 657 neque
531 582 689 639 enim
728 578 1153 637 conferendum
1190 597 1316 637 esse
1361 579 1651 637 Gallicum
1694 596 1832 637 cum
1875 579 2300 637 Germanorum

296 691 457 748 agro,
486 689 681 745 neque
726 671 877 727 hanc
921 668 1413 727 consuetudinem
1443 669 1626 726 victus
1655 687 1792 726 cum
1821 669 1917 726 illa
1957 685 2300 743 comparan-

295 764 449 821 dam.
537 762 885 819 Ariovistum
930 770 1144 832 autem,
1176 769 1241 818 ut
1282 760 1462 817 semel
1505 759 1806 818 Gallorum
1837 759 2038 834 copias
2079 759 2302 834 proelio
2332 775 2357 826 5

295 854 513 932 νέξ-ζῆ,
558 851 719 928 quod
760 853 1047 927 proelium
1091 851 1307 908 factum
1350 851 1423 909 sit
1463 849 2007 925 Admagetobrigae,
2051 849 2299 924 superbe

296 954 356 1003 et
392 934 707 1001 'crudeliter
748 944 1053 1017 imperare,
1098 940 1337 1000 obsides
1379 941 1724 999 nobilissimi
1764 941 2046 1015 cuiusque
2091 941 2301 999 liberos

294 1055 537 1114 poscere
581 1047 639 1094 et
681 1037 741 1093 in
785 1054 891 1094 eos
926 1037 1125 1093 omnia
1154 1034 1424 1109 exempla
1451 1035 1854 1108 cruciatusque
1885 1032 2080 1104 edere,
2110 1034 2157 1090 si
2186 1051 2302 1108 qua

290 1149 379 1190 res
410 1149 531 1189 non
553 1129 630 1188 ad
659 1139 866 1188 nutum
895 1139 994 1186 aut
1014 1128 1091 1187 ad
1112 1128 1468 1186 voluntatem
1493 1129 1616 1186 eius
1638 1129 1791 1186 facta
1810 1128 1899 1186 sit.
1975 1127 2298 1185 Hominem

291 1243 419 1283 esse
462 1225 791 1293 barbarum,
823 1221 1187 1292 iracundum,
1218 1222 1625 1280 temerarium:
1673 1239 1794 1278 non
1835 1238 2008 1295 posse
2039 1221 2162 1277 eius
2193 1221 2296 1276 im·
2328 1241 2389 1277 10

291 1316 454 1393 peria
508 1314 723 1372 diutius
768 1314 1066 1371 sustinere.
1169 1312 1297 1369 Nisi
1353 1310 1495 1385 quid
1546 1312 1606 1368 in
1655 1311 1904 1369 Caesare
1961 1311 2298 1386 populoque

295 1409 570 1464 Romano
626 1405 699 1462 sit
752 1405 962 1474 auxilii,
1014 1403 1285 1461 omnibus
1333 1403 1512 1462 Gallis
1557 1401 1716 1460 idem
1761 1419 1889 1459 esse
1945 1399 2298 1473 faciendum,

296 1495 460 1572 quod
493 1496 747 1553 Helvetii
783 1495 1042 1564 fecerint,
1075 1504 1139 1551 ut
1172 1492 1357 1552 domo
1388 1495 1689 1568 emigrent,
1720 1491 1877 1550 aliud
1919 1489 2298 1566 domicilium,

295 1587 436 1645 alias
474 1585 661 1657 sedeS,
690 1595 941 1644 remotas
976 1603 1011 1642 a
1046 1585 1373 1656 GermaniS,
1408 1594 1612 1659 petant
1653 1583 2078 1658 fortunamque,
2123 1601 2297 1657 quae-

296 1695 550 1752 cumque
592 1676 839 1748 accidat,
883 1677 1270 1752 experiantur.
1371 1677 1544 1732 Haec
1586 1675 1632 1733 si
1675 1674 1972 1732 enuntiata
2015 1675 2299 1734 Ariovisto
2333 1695 2386 1748 ¹5

294 1770 425 1840 sint,
476 1786 593 1827 non
640 1767 924 1838 dubitare,
970 1767 1111 1842 quin
1161 1765 1236 1824 de
1290 1766 1562 1825 omnibus
1619 1764 1942 1835 obsidibuS,
1995 1766 2095 1840 qui
2141 1765 2300 1841 apud

292 1848 429 1918 eum
485 1861 617 1933 sint,
675 1859 1075 1935 gravissimum
1132 1859 1482 1934 supplicium
1541 1867 1748 1916 sumat.
1849 1857 2163 1916 Caesarem
2208 1859 2300 1916 vel

290 1953 634 2011 auctoritate
665 1971 771 2010 sua
797 1961 975 2026 atque
1005 1952 1291 2009 exercitus
1310 1951 1404 2009 vel
1433 1951 1652 2008 recenti
1673 1950 1914 2008 victoria
1939 1950 2030 2008 vel
2059 1951 2298 2009 nomine

290 2045 495 2122 populi
520 2044 775 2102 Romani
802 2043 1094 2102 deterrere
1123 2061 1314 2120 posse,
1338 2060 1413 2101 ne
1437 2043 1620 2102 maior
1641 2041 1952 2100 multitudo
1977 2043 2298 2102 Germano-

290 2156 419 2195 rum
471 2137 749 2194 Rhenum
796 2135 1148 2206 traducatur,
1196 2135 1561 2210 Galliamque
1617 2153 1858 2193 omnem
1913 2135 1988 2192 ab
2031 2134 2299 2192 Ariovisti
2326 2160 2387 2197 20

291 2228 501 2285 iniuria
540 2244 714 2302 posse
757 2225 1093 2285 defendere.

402 2454 583 2523 Bee'ng
604 2450 768 2505 much
793 2452 1089 2519 entreated,
1116 2452 1183 2505 ke
1206 2456 1458 2523 espouses
1483 2452 1574 2507 the
1597 2470 1762 2507 cause
1785 2456 1858 2523 of
1868 2452 1960 2507 the
1986 2453 2185 2506 Gauls.

372 2614 629 2672 XXXII.
690 2614 826 2671 Hac
882 2614 1143 2671 oratione
1189 2616 1263 2671 ab
1322 2614 1613 2673 Divitiaco
1671 2614 1882 2686 habita,
1928 2632 2152 2684 omneS,
2197 2612 2295 2688 qui

293 2704 553 2775 aderant,
593 2721 807 2781 magno
849 2704 987 2763 fletu
1030 2705 1301 2763 auxilium
1344 2723 1381 2763 a
1423 2705 1672 2763 Caesare
1714 2715 1911 2779 petere
1955 2714 2296 2779 coeperunt.

294 2795 717 2854 Animadvertit
746 2796 978 2867 Caesar,
1011 2814 1158 2853 unos
1188 2797 1561 2855 exomnibus
1591 2798 1892 2870 Sequanos
1921 2796 2064 2853 nihil
2099 2814 2297 2853 earum

296 2905 485 2944 rerum
516 2887 727 2957 facere,
760 2904 902 2961 quas
931 2887 1107 2944 ceteri
1138 2887 1413 2959 facerent,
1445 2886 1549 2945 sed
1585 2887 1771 2946 tristes
1801 2886 1994 2963 capite
2041 2886 2297 2945 demisso
2329 2913 2386 2964 25

294 2990 504 3037 terram
550 2980 774 3038 intueri.
862 2981 1003 3038 Eius
1044 2980 1127 3038 rei
1171 2998 1321 3055 quae
1365 2999 1542 3038 causa
1579 2991 1749 3051 esset,
1780 2982 2017 3039 miratus
2056 2999 2130 3038 ex
2157 2980 2298 3054 ipsis

294 3071 556 3146 quaesiit.
644 3071 803 3128 Nihil
845 3072 1099 3145 Sequani
1143 3070 1516 3145 respondere,
1561 3072 1668 3129 sed
1713 3073 1772 3129 in
1819 3070 2026 3130 eadem
2077 3070 2300 3129 tristitia

294 3162 454 3219 taciti
482 3178 845 3237 permanere.
916 3162 1069 3219 Cum
1098 3162 1173 3219 ab
1201 3162 1288 3219 his
1318 3163 1546 3236 saepius
1577 3172 1878 3236 quaereret
1907 3179 2101 3237 neque
2125 3162 2296 3218 ullam

296 3251 539 3309 omnino
582 3269 792 3309 vocem
844 3252 1166 3326 exprimere
1222 3262 1440 3327 posset,
1487 3251 1643 3310 idem
1695 3253 2013 3311 Divitiacus
2058 3251 2298 3310 Aeduus

274 3342 634 3416 „responditz
712 3342 851 3399 Hoc
910 3360 1037 3400 esse
1094 3342 1450 3401 miseriorem
1479 3353 1569 3399 ‘et
1623 3344 1944 3417 graviorem
1977 3345 2298 3401 -fortunam
2327 3358 2387 3409 30

298 3433 699 3515 Sequanorum
744 3450 921 3505 quam
960 3432 1331 3506 reliquorum,
1361 3432 1525 3507 quod
1554 3433 1658 3491 soli
1689 3452 1762 3491 ne
1793 3434 1852 3491 in
1895 3433 2128 3491 occulto
2173 3432 2297 3507 qui-

298 3512 444 3579 dem
479 3523 642 3597 queri
687 3541 880 3597 neque
923 3523 1200 3580 auxilium
1246 3524 1552 3598 implorare
1600 3523 1883 3581 auderent
1928 3524 2299 3596 absentisque

298 3612 567 3671 Ariovisti
629 3613 1049 3683 crudelitatem,
1106 3615 1261 3671 velut
1318 3615 1362 3671 si
1421 3632 1618 3671 coram
1675 3614 1922 3683 adesset,
1983 3615 2298 3682 horrerent,

300 3713 605 3777 propterea
622 3703 786 3778 quod
814 3705 1047 3783 reliquis
1076 3713 1272 3761 tamen
1296 3706 1465 3779 fugae
1488 3705 1726 3763 facultas
1748 3704 1994 3775 daretur,
2019 3702 2300 3778 Sequanis

299 3811 457 3865 ver0,
502 3796 600 3869 qui
657 3796 805 3853 intra
852 3797 999 3853 fines
1045 3813 1181 3854 suos
1230 3794 1578 3854 Ariovistum
1626 3796 1999 3871 recepissent,
2051 3812 2299 3867 quorum
2327 3802 2388 3853 35
