2796 4207
874 259 1021 312 Lm.
1063 258 1132 312 v.
1174 258 1341 313 cAP.
1385 258 1690 313 L111-Lv.
2217 244 2342 311 147

226 423 467 495 afuisse,
492 420 599 480 sed
628 421 833 479 nuntio
862 420 1034 479 allato
1064 419 1139 479 de
1162 421 1404 479 victoria
1425 422 1690 481 Caesaris
1720 420 2074 495 discessisse,
2099 422 2252 484 adeo

225 526 299 573 ut
328 515 499 589 fugae
529 512 728 570 similis
757 510 1047 570 discessus
1075 512 1378 571 videretur.

317 605 477 663 LIV.
523 604 601 660 At
639 602 855 660 Caesar
894 602 1255 677 principibus
1298 604 1580 678 cuiusque
1624 602 1871 662 civitatis
1913 603 1993 662 ad
2020 622 2083 664 se
2113 623 2250 666 evo-

222 697 377 755 catis
420 694 560 753 alias
602 691 939 766 territand0,
971 713 1106 752 cum
1136 712 1198 753 se
1228 695 1392 769 scire,
1425 712 1576 770 quae
1605 695 1830 767 fierent,
1864 694 2250 771 denuntiaret,

220 788 372 845 alias
417 783 785 845 cohortando
840 804 1111 861 magnam
1154 795 1382 861 partem
1427 786 1648 844 Galliae
1696 787 1756 843 in
1802 786 1997 846 officio
2048 790 2250 847 tenuit.
2279 808 2308 863 5

218 880 463 936 Tamen
499 879 780 951 SenoneS,
812 894 965 952 quae
1004 886 1092 935 est
1132 877 1331 935 civitas
1374 878 1656 953 imprimis
1697 878 1864 937 firma
1903 889 1963 937 et
2004 897 2249 955 magnae

220 970 382 1028 inter
421 969 622 1029 Gallos
663 968 1036 1040 auctoritatis,
1067 968 1438 1041 Cavarinum,
1478 987 1659 1044 quem
1687 970 1906 1029 Caesar
1943 969 2105 1045 apud
2146 988 2250 1029 eos

219 1079 433 1137 regem
461 1061 857 1133 constituerat,
883 1060 1049 1119 cuius
1071 1060 1243 1118 frater
1264 1061 1616 1137 Moritasgus
1637 1060 1896 1119 adventu
1917 1061 1978 1119 in
2003 1062 2249 1120 Galliam

222 1150 518 1224 CaesariS,
569 1151 849 1227 cuiusque
902 1150 1151 1209 maiores
1196 1170 1440 1227 regnum
1490 1152 1878 1225 obtinuerant,
1923 1152 2248 1211 interficere

222 1243 473 1319 publico
511 1242 755 1301 consilio
797 1244 1012 1316 conati,
1043 1262 1178 1301 cum
1219 1242 1310 1301 ille
1340 1244 1758 1319 praesensisset
1785 1262 1854 1301 ac
1882 1244 2247 1321 profugisset,
2281 1257 2339 1294 10

222 1352 419 1409 usque
449 1333 528 1392 ad
555 1334 701 1392 fines
728 1334 975 1393 insecuti
1003 1352 1185 1410 regno
1223 1333 1526 1410 domoque
1569 1336 1916 1411 expulerunt
1953 1345 2030 1407 et,
2062 1335 2248 1395 missis

222 1426 311 1484 ad
346 1426 661 1485 Caesarem
702 1425 1096 1484 satisfaciundi
1140 1445 1315 1484 causa
1356 1427 1576 1502 legatis,
1619 1444 1756 1485 cum
1797 1427 1846 1485 is
1888 1445 2129 1485 omnem
2171 1426 2248 1486 ad

222 1536 296 1578 se
346 1525 613 1575 senatum
662 1517 858 1575 venire
914 1517 1189 1589 iussisset,
1242 1516 1403 1577 dicto
1459 1517 1764 1577 audientes
1822 1536 1943 1576 non
1999 1517 2245 1577 fuerunt.

220 1611 490 1668 Tantum
532 1607 711 1684 apud.
734 1608 1004 1668 homines
1046 1610 1320 1668 barbaros
1349 1610 1543 1682 valuit,
1575 1628 1704 1668 esse
1733 1610 1960 1685 aliquos
1988 1619 2249 1685 repertos

222 1700 529 1778 principes
558 1699 845 1758 inferendi
865 1701 1017 1772 belli,
1043 1710 1381 1777 tantamque
1406 1701 1680 1760 omnibus
1700 1701 2064 1759 voluntatum
2089 1720 2248 1760 com·
2282 1720 2338 1770 15

224 1790 622 1850 mutationem
664 1792 870 1864 attulit,
900 1801 964 1849 ut
991 1801 1221 1867 praeter
1246 1790 1489 1850 Aeduos
1529 1800 1588 1851 et
1615 1794 1859 1865 RemOS,
1889 1812 2040 1867 quos
2082 1811 2246 1869 prae-

224 1884 413 1959 cipuo
464 1900 697 1957 semper
745 1882 969 1941 honore
1014 1883 1231 1942 Caesar
1277 1883 1498 1956 habuit,
1541 1884 1752 1943 alteros
1794 1902 1902 1960 pro
1942 1894 2138 1942 vetere
2179 1902 2250 1941 ac

224 1985 523 2055 perpetua
542 1994 677 2051 erga
704 1976 990 2051 populum
1020 1977 1357 2035 Romanum
1382 1975 1520 2049 fide,
1543 1976 1753 2035 alteros
1782 1995 1888 2053 pro
1917 1976 2250 2035 recentibus

228 2068 450 2129 Gallici
496 2068 631 2128 belli
678 2067 903 2140 officiiS,
954 2067 1110 2126 nulla
1157 2068 1275 2127 fere
1325 2068 1526 2127 civitas
1576 2068 1745 2127 fuerit
1797 2087 1921 2128 non
1976 2077 2252 2144 suspecta

226 2161 425 2220 nobis,
512 2158 705 2234 quue
750 2159 904 2218 adeo
950 2159 1108 2217 haud
1157 2160 1280 2219 scio
1323 2159 1730 2218 mirandumne
1772 2160 1863 2233 sit,
1906 2179 2044 2219 cum
2086 2178 2248 2218 com·
2279 2183 2340 2220 20

226 2251 495 2330 pluribus
536 2250 659 2309 aliis
702 2249 779 2310 de
822 2251 1029 2323 causi5‚
1074 2261 1201 2309 tum
1247 2252 1520 2324 maxime,
1567 2250 1731 2326 quod
1776 2252 1850 2324 ei,
1893 2252 1996 2328 qui
2042 2251 2249 2309 virtute

227 2344 370 2404 belli
408 2344 682 2403 omnibus
723 2344 997 2420 gentibus
1038 2343 1528 2418 praeferebantur,
1560 2353 1781 2402 tantum
1812 2362 1874 2402 se
1906 2343 2030 2402 eius
2059 2342 2246 2418 opini-

230 2437 366 2496 onis
408 2435 831 2511 deperdidisse,
860 2445 927 2493 ut
962 2453 999 2493 a
1038 2435 1264 2511 populo
1306 2436 1583 2493 Romano
1626 2435 1870 2510 imperia
1909 2435 2246 2510 perferrent,

228 2527 568 2604 gravissime
599 2525 897 2586 dolebant.

318 2619 439 2676 LV.
480 2619 718 2677 Treveri
745 2637 883 2677 vero
912 2628 1089 2694 atque
1121 2615 1556 2676 Indutiomarus
1584 2617 1760 2675 totius
1790 2615 1998 2674 hiemis
2026 2616 2248 2674 nullum
2278 2640 2336 2694 ²5

230 2721 471 2785 tempus
510 2710 959 2782 intermiserunt,
990 2710 1134 2785 quin
1161 2719 1317 2768 trans
1348 2707 1627 2766 Rhenum
1669 2708 1890 2783 legatos
1935 2708 2248 2778 mitterent,

232 2801 497 2860 civitates
552 2801 944 2875 sollicitarent,
994 2801 1275 2877 pecunias
1332 2799 1760 2875 pollicerentur,
1820 2816 2031 2874 magna
2085 2807 2248 2872 parte

232 2892 525 2951 exercitus
554 2893 733 2951 nostri
762 2892 1067 2952 interfecta
1094 2892 1279 2951 multo
1310 2891 1599 2949 minorem
1637 2907 1940 2966 superesse
1985 2888 2250 2948 dicerent

231 2993 481 3060 partem.
568 2984 779 3059 Neque
823 2993 1020 3042 tamen
1062 2984 1160 3042 ulli
1199 2983 1414 3042 civitati
1442 2983 1873 3042 Germanorum
1912 2978 2250 3056 persuaderi

231 3074 443 3150 potuit,
488 3083 552 3132 ut
589 3075 868 3133 Rhenum
912 3075 1188 3146 transiret,
1232 3092 1371 3133 cum
1413 3092 1476 3134 se
1518 3074 1607 3133 bis
1649 3081 1922 3148 expertos
1965 3070 2246 3143 dicerent,
2277 3091 2339 3143 30

232 3164 508 3223 Ariovisti
556 3165 711 3224 bello
756 3174 815 3223 et
860 3167 1285 3225 Tencterorum
1328 3166 1606 3224 transitu:
1660 3182 1781 3222 non
1827 3181 1955 3221 esse
2002 3162 2248 3238 amplius

232 3258 530 3317 fortunam
571 3265 971 3358 temptaturos.
1058 3258 1195 3316 Hac
1232 3275 1337 3333 spe
1366 3257 1561 3332 lapsus
1593 3255 2026 3315 Indutiomarus
2066 3253 2248 3312 nihilo

233 3349 429 3406 minus
486 3347 687 3422 copias
751 3366 981 3424 cogere,
1040 3366 1329 3418 exercere,
1380 3367 1417 3406 a
1470 3347 1728 3406 finitimis
1785 3365 1971 3450 equos
2025 3362 2246 3421 parare,

234 3437 436 3496 exules
476 3436 902 3514 damnatosque
941 3449 1065 3497 tota
1093 3439 1279 3498 Gallia
1320 3439 1545 3514 magnis
1587 3438 1858 3515 praemiis
1901 3436 1980 3495 ad
2021 3453 2084 3496 se
2126 3434 2245 3494 alli-

234 3546 371 3587 cere
414 3528 630 3604 coepit.
715 3531 803 3587 Ac
840 3539 1060 3588 tantam
1096 3529 1248 3588 sibi
1232 3548 1345 3587 iam
1376 3528 1465 3588 his
1492 3529 1707 3588 rebus
1692 3548 1753 3587 m
1782 3528 1971 3588 Gallia
1997 3525 2247 3586 auctori·
2273 3537 2337 3590 35

234 3629 417 3678 tatem
446 3629 903 3694 comparaverat,
932 3630 997 3679 ut
1025 3619 1285 3695 undique
1314 3619 1393 3678 ad
1422 3638 1558 3678 eum
1584 3620 1905 3695 legationes
1939 3635 2248 3678 concurre-

232 3720 381 3784 rent,
409 3710 653 3787 gratiam
683 3720 860 3785 atque
889 3711 1201 3769 amicitiam
1229 3711 1464 3786 publice
1493 3710 1874 3785 privatimque
1903 3718 2190 3784 peterent.
