2796 4207
908 208 1055 260 ΜΒ.
1104 209 1203 262 1v.
1250 207 1421 260 CAP.
1469 207 1639 259 1-1v.
1865 260 1876 270 ,
2177 189 2302 255 107

213 380 384 446 atque
428 369 730 442 deformia,
770 369 916 427 haec
959 369 1254 428 cotidiana
1294 368 1730 439 exercitatione,
1764 370 1976 428 summi
2014 377 2078 427 ut
2104 368 2217 428 sint

212 461 439 532 laboriS,
490 459 764 519 efficiunt.
852 460 1231 534 Equestribus
1282 460 1515 536 proeliis
1563 478 1740 536 saepe
1783 477 1857 518 ex
1897 460 2063 537 equis
2111 459 2214 518 de-

212 552 403 610 siliunt
452 570 522 609 ac
568 550 819 627 pedibus
875 551 1244 626 proeliantur,
1292 569 1594 627 equosque
1645 551 1860 611 eodem
1915 569 2216 610 remanere

210 642 453 718 vestigio
501 642 951 714 assuefeceram,
998 642 1074 700 ad
1120 660 1268 718 quos
1312 660 1375 701 se
1423 642 1701 717 celeriter,
1748 661 1886 702 cum
1931 661 2066 702 usus
2107 652 2214 714 est,

210 734 537 810 recipiunt3
584 751 778 808 neque
821 751 1025 791 eorum
1070 734 1326 792 moribus
1368 734 1590 809 turpius
1631 735 1950 810 quicquam
1990 743 2091 792 aut
2129 734 2214 792 in-
2249 753 2275 803 5

200 825 384 884 'ertius
429 825 672 883 habetur
712 842 889 900 quam
931 824 1223 901 ephippiis
1265 825 1367 884 uti.
1453 827 1662 902 Itaque
1701 825 1780 884 ad
1812 825 2077 901 quemvis
2110 843 2216 883 nu-

208 935 436 974 merum
480 916 950 992 ephippiatorum
992 917 1254 990 equitum
1296 917 1562 992 quamvis
1589 918 1763 993 pauci
1790 916 1951 976 adire
1978 915 2216 975 audent.

207 1008 429 1065 Vinum
471 1006 547 1065 ad
588 1025 651 1065 se
690 1007 937 1065 omnino
976 1007 1274 1082 importari
1314 1025 1437 1066 non
1477 1007 1690 1080 sinunt,
1725 1007 1890 1084 quod
1931 1025 2002 1066 ea
2042 1025 2104 1066 re
2141 1006 2218 1066 ad
2260 1034 2265 1038 ·

205 1098 473 1157 laborem
521 1083 837 1176 ferendum
882 1097 1288 1158 remollescere
1344 1097 1612 1158 homines
1669 1109 1844 1175 atque
1900 1098 2217 1158 effeminari

204 1190 573 1249 arbitrantur.
2252 1215 2308 1250 ιο

287 1281 409 1340 ΙΙΙ.
458 1279 694 1339 Publice
739 1281 1053 1339 maximam
1102 1291 1310 1357 putant
1356 1299 1484 1342 esse
1534 1281 1786 1354 laudem,
1837 1299 2017 1358 quam
2065 1281 2215 1340 latis-

206 1372 354 1430 sime
384 1391 423 1429 a
450 1371 565 1430 suis
602 1371 815 1430 finibus
854 1389 1061 1430 vacare
1103 1390 1306 1448 agros:
1354 1372 1465 1430 hac
1493 1391 1554 1430 re
1583 1371 1910 1448 significari,
1941 1389 2218 1446 magnum

205 1481 519 1522 numerum
563 1462 881 1520 civitatium
924 1481 1087 1522 suam
1117 1463 1230 1521 vim
1270 1463 1551 1522 sustinere
1580 1481 1702 1521 non
1730 1481 1922 1539 posse.
2011 1464 2217 1538 Itaque

205 1573 325 1612 una
367 1572 446 1612 ex
485 1564 648 1628 parte
688 1573 723 1611 a
751 1554 954 1613 Suebis
996 1555 1224 1613 circiter
1263 1553 1420 1614 milia
1461 1573 1738 1630 passuum
1779 1563 2058 1614 sexcenta
2098 1556 2218 1630 agri

204 1663 416 1704 vacare
462 1643 750 1703 dicuntur.
834 1644 929 1702 Ad
970 1646 1206 1704 alteram
1249 1655 1473 1721 partem
1517 1644 1844 1704 succedunt
1882 1645 2040 1718 Ubii,
2072 1664 2216 1722 quo·
2251 1663 2267 1698 ι
2281 1665 2307 1715 5

204 1756 335 1796 rum
366 1737 477 1795 fuit
516 1737 716 1794 civitas
758 1737 951 1812 ampla
988 1746 1162 1812 atque
1192 1737 1422 1807 florens,
1453 1747 1517 1795 ut
1544 1747 1632 1797 est
1659 1747 1863 1814 captus
1894 1739 2215 1798 Germano-

205 1848 356 1901 rum,
388 1838 451 1886 et
477 1829 653 1904 paulo
682 1839 816 1888 sunt
844 1828 1104 1888 eiusdem
1134 1830 1363 1906 generis
1390 1831 1600 1888 ceteris
1629 1830 2018 1902 humanioreS,
2048 1847 2220 1906 prop-

206 1930 369 1980 terea
397 1920 563 1996 quod
592 1920 870 1980 Rhenum
913 1921 1202 1997 attingunt
1241 1921 1604 1997 multumque
1633 1921 1710 1980 ad
1739 1940 1841 1981 eos
1869 1931 2218 1981 mercatores

204 2012 497 2071 ventitant
538 2022 596 2070 et
633 2013 742 2088 ipsi
784 2023 1025 2090 propter
1063 2013 1559 2089 propinquitatem
1592 2013 1828 2072 Gallicis
1869 2023 2004 2072 sunt
2044 2014 2218 2072 mori—

204 2105 313 2165 bus
343 2105 673 2164 assuefacti.
760 2107 895 2165 Hos
929 2124 1064 2165 cum
1092 2106 1289 2177 Suebi,
1320 2106 1514 2165 multis
1554 2124 1730 2182 saepe
1770 2105 1934 2166 bellis
1976 2107 2217 2183 experti,
2247 2124 2308 2159 20

202 2206 452 2273 propter
494 2196 940 2271 amplitudinem
982 2197 1438 2274 gravitatemque
1481 2197 1724 2257 civitatis
1765 2198 1978 2257 finibus
2021 2198 2216 2273 expel-

202 2288 322 2346 lere
358 2305 485 2345 non
519 2288 861 2363 potuissent,
894 2298 1091 2347 tamen
1118 2288 1430 2365 vectigales
1473 2289 1582 2348 sibi
1621 2289 1886 2348 fecerunt
1925 2307 1997 2348 ac
2033 2288 2217 2349 multo

203 2378 547 2437 humiliores
577 2378 1037 2455 infirmioresque
1064 2379 1433 2457 redegerunt.

214 2573 327 2627 The
349 2573 633 2627 Germans
651 2590 933 2627 overcome
950 2572 1041 2627 the
1058 2574 1363 2645 Menapii;
1401 2574 1797 2645 thefickleness
1815 2576 1889 2646 qs
1897 2574 1991 2630 the
2011 2574 2212 2629 Gauls.

288 2697 395 2754 IV.
447 2696 517 2753 In
568 2695 779 2755 eadem
823 2715 1000 2755 causa
1040 2698 1271 2756 fuerunt
1311 2700 1588 2773 Usipetes
1631 2708 1689 2757 et
1729 2698 2024 2772 Tencteri,
2067 2716 2216 2774 quos

201 2805 383 2863 supra
427 2785 695 2868 diximus,
727 2788 829 2862 qui
871 2788 1201 2863 complures
1242 2807 1430 2847 annos
1461 2790 1784 2849 Sueborum
1813 2790 1930 2849 vim
1952 2789 2215 2873 ‘sustinu-
2247 2806 2305 2859 25

88 2950 103 2963 .
202 2886 377 2936 erunt
404 2898 419 2947 3
462 2875 539 2933 ad
570 2886 893 2936 extremum
930 2888 1129 2937 tamen
1157 2880 1304 2955 agris
1326 2872 1557 2955 expulsi
1585 2890 1644 2939 et
1671 2881 1864 2939 multis
1892 2880 2038 2939 locis
2069 2881 2215 2940 Ger·

202 2969 441 3027 maniae
496 2970 806 3028 triennium
850 2971 1038 3045 vagati
1095 2969 1172 3030 ad
1228 2971 1505 3031 Rhenum
1561 2982 1964 3047 pervenerunt.
2053 2972 2214 3046 Quas

200 3060 477 3136 regiones
508 3060 773 3135 Menapii
813 3060 1146 3120 incolebant
1174 3071 1234 3119 et
1270 3060 1346 3119 ad
1388 3072 1694 3138 utramque
1736 3064 1920 3139 ripam
1965 3062 2215 3121 fluminis

201 3169 396 3226 agros,
441 3150 709 3209 aedificia
748 3151 1025 3227 vicosque
1068 3152 1398 3225 habebant3
1449 3153 1573 3217 sed,
1597 3163 1790 3212 tantae
1833 3152 2214 3212 multitudinis

202 3241 367 3299 aditu
405 3240 688 3316 perterriti
728 3259 801 3299 ex
829 3242 895 3300 iis
925 3242 1221 3311 aedificiis,
1254 3260 1405 3316 quae
1428 3253 1590 3302 trans
1619 3244 1836 3302 flumen
1875 3244 2212 3314 habuerant,
2243 3252 2304 3303 30

202 3331 679 3407 demigraverunt
708 3341 767 3390 et
795 3332 877 3391 cis
906 3333 1183 3391 Rhenum
1227 3332 1520 3409 dispositis
1558 3335 1858 3410 praesidiis
1887 3336 2216 3394 Germanos

202 3422 449 3481 transire
487 3422 893 3497 prohibebant.
979 3424 1069 3481 Illi
1106 3424 1303 3483 omnia
1330 3426 1570 3500 experti,
1602 3444 1738 3485 cum
1767 3423 1960 3501 neque
1986 3426 2045 3483 vi
2074 3443 2215 3483 con-

202 3512 455 3573 tendere
484 3524 725 3589 propter
751 3513 1010 3589 inopiam
1038 3515 1274 3573 navium
1301 3534 1495 3591 neque
1525 3516 1675 3574 clam
1704 3517 1940 3575 transire
1979 3526 2217 3591 propter

203 3603 509 3663 custodias
538 3605 951 3680 Menapiorum
980 3615 1237 3680 possent,
1267 3607 1475 3665 reverti
1503 3625 1564 3665 se
1592 3607 1653 3665 in
1683 3626 1812 3665 suas
1856 3606 2026 3665 sedes
2067 3606 2212 3681 regi·
2273 3596 2276 3601 ¹

204 3714 475 3771 onesque
514 3696 925 3755 simulaverunt
952 3707 1011 3755 et
1038 3696 1211 3755 tridui
1241 3698 1393 3756 viam
1422 3699 1709 3774 progressi
1736 3718 1928 3757 rursus
1965 3707 2212 3757 reverte·
2243 3712 2301 3763 35

202 3796 343 3844 runt
395 3797 568 3861 atque
615 3788 776 3844 omni
821 3788 937 3844 hoc
984 3788 1185 3846 itinere
1234 3807 1352 3845 una
1400 3798 1574 3847 nocte
1625 3790 1884 3863 equitatu
1941 3789 2214 3846 confecto
