2796 4207
908 686 1697 755 COMMENTARIUS
1753 688 2252 757 SEPTIMUS.

594 1060 701 1114 The
726 1060 912 1115 Gauls
936 1060 1082 1131 plan
1107 1078 1144 1113 a
1158 1060 1400 1132 general
1429 1060 1716 1131 apreli-ing.
1793 1060 1958 1113 First
1979 1057 2071 1115 the
2099 1057 2385 1115 Carnutes
2410 1062 2592 1123 rebel,-

839 1140 969 1197 then
996 1140 1088 1196 the
1111 1142 1388 1210 Arverni,
1416 1140 1560 1197 with
1597 1140 2010 1213 Vercingetorix
2028 1157 2098 1194 as
2121 1140 2329 1195 leader.

662 1266 713 1325 1.
758 1264 991 1340 Qun-:ra
1039 1264 1243 1337 Gallia,
1294 1264 1530 1339 Caesar,
1578 1275 1644 1324 ut
1685 1265 2081 1337 constituerat,
2123 1264 2185 1323 in
2231 1264 2470 1323 Italiam
2521 1264 2595 1323 ad

580 1366 905 1421 cenventus
958 1354 1219 1431 agendos
1274 1355 1672 1431 proficiscitur.
1758 1356 1852 1415 Ibi
1907 1355 2212 1432 cognoscit
2259 1353 2340 1414 de
2397 1354 2598 1415 Clodii

582 1444 787 1518 caede,
816 1456 1166 1521 senatusque
1209 1446 1477 1505 consulto
1517 1446 1729 1523 certior
1765 1445 1968 1519 factuS,
1999 1455 2062 1504 ut
2089 1463 2298 1504 omnes
2331 1446 2598 1505 iuniores

584 1536 783 1597 Italiae
812 1536 1197 1609 coniurarent,
1227 1535 1542 1595 delectum·
1562 1546 1685 1595 tota
1725 1537 2024 1613 provincia
2064 1536 2279 1595 habere
2322 1536 2596 1609 instituit.

524 1640 559 1695 5
584 1628 708 1687 Eae
724 1644 816 1686 res
836 1627 897 1686 in
916 1625 1163 1687 Galliam
1178 1626 1618 1703 Transalpinam
1635 1627 1899 1686 celeriter
1913 1627 2296 1703 perferuntur.
2331 1598 2599 1703 &ddunt

582 1716 691 1795 ipsi
721 1728 781 1776 et
808 1716 1091 1793 affingunt
1115 1717 1442 1779 rumoribus
1471 1717 1640 1791 Galli,
1671 1716 1834 1793 quod
1860 1736 1952 1776 res
1987 1735 2234 1818 poscere
2261 1717 2596 1803 videbastur,

582 1807 814 1867 retineri
842 1808 1065 1867 urbano
1093 1818 1257 1867 motu
1280 1807 1592 1867 Caesarem
1622 1826 1814 1884 neque
1843 1809 1904 1866 in
1929 1787 2104 1867 tantis
2127 1808 2598 1869 dissensionibus

584 1899 663 1959 ad
690 1898 1006 1958 exercitum
1036 1898 1230 1957 venire
1259 1916 1453 1975 posse.
1459 1870 1479 1959 )
1539 1900 1677 1959 Hac
1711 1898 1943 1975 impulsi
1976 1888 2310 1972 occasione,
2339 1900 2453 1975 qui
2484 1900 2597 1958 iam

586 2000 721 2050 ante
762 2008 826 2050 se
852 1990 1070 2073 ¹populi
1112 1990 1367 2049 Romani
1408 1990 1652 2066 imperio
1693 1991 1988 2051 subiectos
2030 1989 2314 2063 dolerent,
2353 1990 2599 2051 liberius

504 2102 562 2142 ιο
586 2090 763 2157 atque
816 2080 1093 2141 audacius
1142 2079 1219 2140 de
1266 2080 1424 2140 bello
1473 2082 1715 2141 consilia
1761 2082 1902 2140 inire
1955 2081 2258 2158 incipiunt.
2343 2081 2598 2141 Indictis

586 2173 737 2232 inter
778 2190 840 2232 se
889 2171 1182 2249 principes
1230 2171 1454 2232 Galliae
1509 2173 1772 2232 conciliis
1827 2173 2176 2232 silvestribus
2225 2192 2296 2232 ac
2349 2173 2598 2233 remotis

588 2263 731 2323 locis
775 2273 1094 2339 queruntur
1136 2262 1213 2322 de
1254 2263 1514 2322 Acconis
1559 2274 1784 2337 morte3
1841 2282 2016 2340 posse
2063 2264 2221 2323 hunc
2265 2282 2474 2324 casum
2523 2264 2598 2324 ad

588 2356 746 2433 ipsos
786 2354 1048 2414 recidere
1090 2354 1529 2429 demonstrant,
1572 2355 1914 2414 miserantur
1951 2373 2331 2416 communem
2367 2355 2597 2416 Galliae

587 2446 916 2520 fortunam,
958 2446 1230 2505 omnibus
1271 2445 1784 2521 pollicitationibus
1821 2463 1892 2504 ac
1925 2447 2194 2522 praemiis
2237 2444 2594 2521 deposcunt,

502 2569 561 2623 15
586 2538 689 2614 qui
732 2537 867 2596 belli
910 2537 1137 2596 initium
1182 2536 1396 2595 faciant
1441 2546 1501 2594 et
1545 2537 1632 2594 sui
1677 2536 1881 2612 capitis
1930 2537 2192 2612 periculo
2233 2537 2494 2596 Galliam
2538 2537 2597 2594 in

587 2629 908 2689 libertatem
963 2629 1279 2687 vindicent.
1383 2627 1676 2704 Imprimis
1730 2628 2013 2686 rationem
2071 2645 2198 2687 esse
2253 2627 2594 2687 habendam

588 2718 811 2794 dicunt,
849 2719 1184 2796 priusquam
1228 2736 1434 2777 eorum
1474 2717 1836 2777 clandestina
1877 2719 2118 2777 consilia
2159 2717 2490 2795 efferantur,
2535 2729 2596 2776 ut

588 2811 805 2870 Caesar
832 2810 909 2869 ab
938 2810 1192 2869 exercitu
1222 2808 1656 2868 intercludatur.
1729 2808 1805 2867 Id
1835 2827 1962 2868 esse
1993 2809 2177 2881 facile,
2201 2808 2365 2884 quod
2395 2827 2593 2885 neque

588 2902 847 2979 legiones
887 2901 1144 2960 audeant
1184 2900 1426 2959 absente
1467 2901 1815 2976 imperatore
1845 2918 1918 2959 ex
1947 2901 2200 2960 hibernis
2235 2900 2458 2976 egredi,
2491 2917 2591 2958 ne—

372 3016 389 3023 ·’
427 3069 431 3074 ,
486 3017 561 3061 ,20
588 3011 703 3068 que
744 2994 1057 3068 imperator
1104 2990 1227 3050 sine
1276 2989 1569 3066 praesidio
1610 2989 1688 3049 ad
1727 2989 1990 3066 legiones
2037 2991 2340 3067 pervenire
2391 2992 2590 3067 possit.

490 3093 517 3158 J
556 3076 905 3141 'Postremo'
949 3083 1008 3141 in
1062 3082 1190 3141 acie
1245 3091 1538 3157 praestare
1593 3081 1860 3155 interfici,
1917 3099 2096 3157 quam
2151 3099 2274 3141 non
2329 3091 2590 3140 veterem

586 3173 723 3231 belli
768 3173 1010 3248 gloriam
1057 3172 1517 3248 libertatemque,
1568 3189 1743 3247 quam
1789 3190 1826 3230 a
1870 3172 2185 3231 maioribus
2234 3172 2589 3248 acceperint,

586 3281 945 3338 recuperare.
1006 3265 1058 3313 V

621 3387 626 3391 =
669 3354 752 3413 II.
797 3353 912 3412 His
938 3353 1112 3412 rebus
1140 3352 1365 3428 agitatis
1397 3351 1742 3427 profitentur
1769 3353 2071 3424 CarnuteS,
2101 3369 2164 3411 se
2192 3351 2416 3411 nullutn
2445 3352 2587 3428 peri-

496 3464 526 3500 2
532 3464 560 3517 5
586 3443 783 3501 culum
802 3443 1133 3503 communis
1154 3443 1349 3502 salutis
1369 3461 1547 3502 causa
1567 3461 1852 3518 recusare,
1877 3444 2288 3520 principesque
2311 3462 2387 3503 ex
2407 3443 2587 3503 omni·

583 3533 695 3592 bus
741 3533 960 3593 bellurn
1006 3535 1257 3592 facturos
1305 3533 1653 3609 pollicentur
1699 3543 1774 3608 et,
1828 3535 2106 3610 quoniam
2151 3534 2212 3592 in
2259 3533 2585 3610 praesentia

586 3622 886 3681 obsidibus
930 3641 1135 3682 cavere
1179 3624 1330 3681 inter
1371 3641 1435 3680 se
1479 3641 1602 3682 non
1649 3625 1894 3700 possint,
1939 3643 2013 3683 ne
2055 3642 2146 3683 res
2193 3624 2482 3696 efferatur,
2523 3631 2585 3681 ut

588 3711 957 3769 iureiurando
978 3730 1049 3769 ac
1068 3710 1187 3769 fide
1210 3712 1516 3784 sanciatur,
1536 3723 1761 3787 petunt,
1785 3715 2008 3774 collatis
2031 3714 2370 3774 militaribus
2392 3713 2580 3792 signis,

592 3813 711 3869 quo
741 3814 901 3854 more
940 3815 1142 3856 eorum
1178 3798 1511 3872 gravissima
1551 3805 1906 3864 caerimonia
1944 3806 2296 3878 continetur,
2327 3825 2406 3866 ne
2433 3807 2582 3864 facto
