2796 4207
681 16 892 117 s
1999 6 2144 67 V

31 236 33 239 Α
52 126 678 463 ys
1059 217 1168 269 DE
1217 216 1471 270 BELLO
1521 217 1867 271 GALL1co

30 463 47 477 κ
527 379 866 440 Aeduorum
897 379 1198 454 vectigalia
1232 396 1413 454 parvo
1442 378 1630 455 pretio
1660 378 1965 454 redempta
1993 378 2223 447 habere,
2260 387 2517 453 propter-

529 495 600 536 ea
640 476 803 553 quod
849 476 946 535 illo
988 476 1200 534 licente
1245 484 1451 533 contra
1494 476 1649 533 liceri
1680 474 1892 533 audeat
1920 493 2115 533 nemo.
2207 475 2319 532 His
2350 474 2523 547 rebus
2576 478 2585 487 ’

527 582 586 631 et
633 590 798 631 suam
838 588 960 630 rem
1003 570 1342 629 familiarem
1370 569 1595 627 auxisse
1625 578 1684 627 et
1711 569 2010 629 facultates
2052 569 2127 628 ad
2171 571 2532 647 largiendum

527 684 767 741 magnas
788 682 1192 741 comparasse,
1223 680 1499 738 magnum
1524 681 1829 722 numerum
1856 663 2143 739 equitatus
2166 682 2273 723 suo
2296 676 2532 741 sumptu

473 774 498 826 5
527 774 758 832 semper
799 757 950 815 alere
992 766 1052 815 et
1091 757 1310 813 circum
1354 773 1418 813 se
1461 754 1693 826 habere,
1733 772 1925 829 neque
1970 754 2155 813 solum
2200 755 2379 827 domi,
2426 756 2533 815 sed

527 850 702 907 etiam
731 847 890 924 apud
924 848 1194 906 finitimas
1223 846 1483 905 civitates
1513 847 1740 921 largiter
1778 864 1971 921 posse,
2003 855 2176 921 atque
2216 846 2383 905 huius
2426 865 2534 922 po-

527 940 740 997 tentiae
783 957 960 997 causa
995 948 1241 996 matrem
1268 938 1329 995 in
1361 938 1708 1014 Biturigibus
1753 937 1974 994 homini
2018 937 2129 993 illic
2172 938 2534 995 nobilissimo

526 1048 596 1087 ac
623 1030 1031 1105 potentissimo
1053 1030 1370 1088 collocasse
1381 1049 1401 1102 3
1425 1030 1615 1104 ipsum
1634 1046 1707 1085 ex
1724 1028 2009 1086 Helvetiis
2034 1045 2272 1085 uxorem
2298 1028 2532 1100 habere,

527 1139 786 1178 sororem
807 1138 882 1179 ex
899 1129 1080 1178 matre
1105 1130 1164 1179 et
1189 1122 1549 1197 propinquas
1581 1138 1711 1177 suas
1742 1129 1991 1195 nuptum
2020 1118 2080 1177 in
2108 1119 2246 1176 alias
2270 1120 2533 1179 civitates

446 1238 500 1272 ιο
527 1211 862 1271 collocasse.
948 1212 1166 1270 Favere
1208 1221 1268 1271 et
1309 1230 1523 1287 cupere
1570 1212 1854 1269 Helvetiis
1895 1219 2135 1286 propter
2174 1228 2305 1269 eam
2348 1211 2531 1281 affini-

527 1312 725 1375 tatem,
751 1301 946 1361 odisse
974 1303 1148 1361 etiam
1179 1322 1286 1361 suo
1315 1302 1555 1361 nomine
1582 1303 1892 1361 Caesarem
1925 1310 1984 1359 et
2015 1303 2335 1375 RomanOS,
2367 1301 2533 1377 quod

527 1412 731 1451 eorum
759 1392 1013 1451 adventu
1041 1395 1304 1469 potentia
1332 1394 1457 1451 eius
1485 1392 1788 1452 deminuta
1815 1402 1874 1451 et
1904 1392 2225 1452 Divitiacus
2259 1393 2432 1452 frater
2470 1394 2531 1452 in

525 1485 829 1559 antiquum
856 1484 1055 1543 locum
1082 1485 1299 1560 gratiae
1330 1494 1508 1559 atque
1538 1484 1775 1543 honoris
1804 1484 1875 1543 sit
1903 1484 2214 1543 restitutus
2299 1485 2358 1543 Si
2387 1484 2531 1559 quid

526 1575 758 1634 accidat
786 1576 1088 1648 Romanis,
1113 1594 1402 1633 summam
1432 1575 1492 1633 in
1520 1592 1685 1649 spem
1714 1592 1820 1649 per
1850 1575 2156 1633 Helvetios
2186 1576 2348 1650 regni
2378 1576 2529 1633 obti-

443 1684 498 1736 15
526 1665 707 1724 nendi
745 1667 981 1738 venire3
1026 1666 1272 1741 imperio
1313 1665 1516 1741 populi
1544 1664 1799 1723 Romani
1829 1683 1950 1724 non
1979 1665 2162 1724 modo
2206 1664 2282 1723 de
2326 1683 2530 1742 regno,

526 1756 632 1815 sed
661 1757 836 1815 etiam
865 1756 940 1815 de
971 1775 1058 1829 ea,
1089 1775 1266 1831 quam
1296 1756 1527 1828 habeat,
1556 1756 1737 1831 gratia
1765 1754 2094 1832 desperare.
2175 1756 2532 1831 Reperiebat

527 1847 700 1905 etiam
729 1848 792 1906 in
811 1847 1148 1923 quaerendo
1172 1849 1405 1918 Caesar,
1430 1846 1593 1922 quod
1620 1846 2197 1923 proelium'equestre
2220 1846 2531 1905 adversum

525 1939 727 2013 paucis
764 1948 898 1997 ante
932 1937 1140 1997 diebus
1179 1947 1332 1997 esset
1363 1938 1600 2009 factum,
1632 1938 1857 1995 initium
1886 1938 2009 1996 eius
2038 1937 2207 2012 fugae
2246 1937 2465 1995 factum
2496 1956 2531 1995 a

529 2030 890 2106 Dumnorige
919 2039 1093 2103 atque
1123 2029 1246 2087 eius
1263 2029 1556 2103 equitibus
1588 2028 1751 2107 (nam
1780 2028 2080 2103 equitatui,
2108 2046 2286 2106 quem
2314 2028 2530 2086 auxilio

436 2131 500 2168 20
527 2120 762 2178 Caesari
804 2120 995 2179 Aedui
1043 2121 1335 2193 miserant,
1387 2121 1715 2178 Dumnorix
1758 2119 2046 2196 praeerat)
2072 2141 2084 2178 ε
2144 2138 2347 2180 eorum
2394 2119 2531 2195 fuga

525 2210 811 2286 reliquum
840 2229 966 2270 esse
997 2211 1318 2285 equitatum
1348 2211 1733 2287 perterritum.

616 2389 828 2444 Caesar
860 2390 1106 2445 consults
1135 2390 1490 2455 Divitiacus,
1502 2393 1616 2460 sor
1650 2389 1837 2445 whose
1860 2390 1997 2446 sake
2019 2391 2355 2446 Dumnorix
2391 2391 2442 2443 is

1381 2471 1695 2541 pardoned.

605 2605 767 2664 XIX.
813 2604 1039 2678 Quibus
1080 2603 1252 2662 rebus
1293 2605 1561 2680 cognitiS,
1592 2623 1729 2663 cum
1758 2605 1833 2664 ad
1882 2605 1980 2664 has
2009 2605 2371 2682 suspiciones
2401 2587 2565 2664 cer-s

525 2696 777 2754 tissimae
819 2713 910 2752 res
953 2694 1320 2766 accederent,
1350 2693 1515 2768 quod
1556 2712 1662 2770 per
1700 2695 1843 2754 fines
1872 2698 2275 2770 Sequanorum
2306 2697 2529 2755 Helve-

527 2787 638 2846 tios
668 2784 1026 2858 traduxisset,
1050 2785 1212 2861 quod
1241 2785 1476 2844 obsides
1506 2786 1653 2844 inter
1681 2804 1782 2844 eos
1811 2786 2039 2845 dandos
2068 2797 2341 2859 curasset,
2364 2788 2529 2862 quod

438 2906 499 2957 25
528 2898 599 2938 ea
635 2879 833 2938 omnia
872 2896 995 2936 non
1035 2877 1218 2935 modo
1262 2878 1479 2936 iniussu
1524 2896 1629 2936 suo
1676 2888 1735 2936 et
1780 2879 2022 2938 civitatis
2068 2879 2173 2938 sed
2218 2881 2393 2938 etiam
2440 2881 2529 2938 in-

527 2971 840 3030 scientibus
882 2969 1019 3044 ipsis
1061 2968 1307 3039 fecisset,
1339 2968 1503 3043 quod
1546 2988 1581 3026 a
1611 2969 1944 3044 magistratu
1973 2968 2313 3029 Aeduorum
2348 2989 2525 3028 accu-

527 3070 762 3139 saretur,
792 3061 927 3118 satis
968 3077 1095 3118 esse
1124 3076 1334 3118 causae
1363 3060 1759 3132 arbitrabatur,
1790 3077 1967 3134 quare
1996 3061 2059 3118 in
2097 3079 2231 3119 eum
2262 3069 2361 3118 aut
2401 3061 2529 3136 ipse

527 3151 1025 3222 animadverteret,
1069 3160 1168 3209 aut
1221 3152 1513 3210 civitatem
1569 3150 2026 3210 animadvertere
2084 3152 2323 3210 iuberet.
2412 3152 2529 3209 His

413 3296 424 3325 ι.
529 3244 798 3303 omnibus
840 3243 1011 3301 rebus
1039 3261 1221 3301 unum
1250 3243 1627 3318 repugnabat,
1660 3241 1823 3316 quod
1855 3243 2124 3300 Divitiaci
2154 3243 2335 3300 fratris
2372 3261 2527 3301 sum-

439 3365 501 3415 30
528 3354 689 3393 mum
731 3335 790 3393 in
831 3335 1115 3410 populum
1145 3336 1481 3393 Romanum
1521 3332 1795 3406 studium,
1827 3353 2112 3393 summam
2142 3335 2201 3392 in
2230 3352 2291 3392 se
2322 3335 2528 3392 volun-

529 3437 724 3498 tatem,
757 3426 1046 3502 egregiam
1087 3425 1286 3498 fidem,
1326 3425 1621 3496 iustitiam,
1648 3427 2092 3500 temperantiam
2132 3435 2529 3501 cognoverat:

529 3536 681 3590 nam,
717 3535 791 3575 ne
834 3517 957 3574 eius
999 3517 1286 3592 supplicio
1316 3515 1587 3573 Divitiaci
1619 3517 1877 3574 animum
1918 3516 2257 3589 offenderet,
2288 3516 2529 3576 vereba-

529 3619 637 3667 tur.
722 3608 930 3681 Itaque
960 3608 1134 3681 prius,
1164 3625 1340 3681 quam
1370 3607 1685 3681 quicquam
1716 3617 2037 3679 conaretur,
2070 3608 2423 3666 Divitiacum
2451 3606 2532 3665 ad

529 3715 592 3754 se
634 3697 827 3756 vocari
875 3697 1034 3755 iubet
1077 3707 1152 3768 et,
1199 3695 1507 3754 cotidianis
1552 3698 1956 3771 interpretibus
2010 3700 2266 3772 remotiS,
2309 3718 2416 3775 per
2456 3698 2529 3756 C.

446 3796 505 3846 35
531 3785 823 3842 Valerium
857 3785 1180 3856 Procillum,
1200 3787 1529 3860 principem
1558 3787 1777 3844 Galliae
1808 3788 2159 3862 provinciae,
2190 3790 2535 3849 familiarem
