2796 4207
839 222 983 275 ΜΒ.
1026 223 1128 277 1v.
1174 223 1341 278 CAP.
1382 222 1891 277 XXIII-XXVII.
2276 211 2403 276 117

288 385 409 443 bus
450 388 635 442 nostri
670 384 955 458 perterriti
982 391 1158 458 atque
1199 383 1367 442 huius
1395 385 1638 443 omnino
1676 385 1904 462 generis
1937 403 2170 462 pugnae
2209 389 2314 447 im·

290 474 469 550 periti
511 492 633 532 non
668 472 880 532 eadem
917 473 1206 532 alacritate
1236 492 1305 532 ac
1342 473 1554 550 studi0,
1587 493 1708 551 quo
1736 476 1798 535 in
1833 475 2202 552 pedestribus
2231 482 2315 540 uti

290 565 532 641 proeliis
562 574 933 637 consuerant,
964 564 1290 623 utebantur.

375 657 561 714 XXV.
606 654 788 731 Quod
814 656 913 714 ubi
942 657 1160 714 Caesar
1180 656 1604 728 animadvertit,
1630 677 1808 718 naves
1829 659 2048 737 longas,
2069 680 2314 737 quarum

290 759 355 806 et
384 749 613 825 species
643 756 765 806 erat
796 748 1049 806 barbaris
1083 748 1408 807 inusitatior
1435 758 1494 807 et
1534 759 1726 808 motus
1755 751 1832 809 ad
1871 771 2041 812 usum
2071 753 2310 830 expedi·
2346 764 2371 816 5

288 840 425 914 tior,
456 836 695 915 paulum
735 839 1020 898 removeri
1062 841 1136 899 ab
1177 839 1452 898 onerariis
1495 841 1736 899 navibus
1779 853 1837 900 et
1875 845 2048 903 remis
2091 845 2314 904 incitari

289 941 355 990 et
384 931 462 990 ad
503 933 647 990 latus
684 941 951 1007 apertum
989 931 1243 990 hostium
1286 932 1561 990 constitui
1592 942 1768 1009 atque
1804 935 1943 994 inde
1981 935 2193 1008 fundiS,
2225 955 2310 994 sa-

287 1024 471 1100 gittis,
516 1023 818 1082 tormentis
861 1023 1059 1081 hostes
1107 1023 1353 1098 propelli
1395 1040 1468 1081 ac
1510 1027 1861 1084 summoveri
1903 1027 2104 1100 iussit3
2161 1045 2313 1103 quae

286 1133 387 1173 res
430 1132 644 1190 magno
686 1114 816 1172 usui
857 1113 1066 1172 nostris
1108 1113 1231 1171 fuit.
1318 1114 1477 1172 Nam
1522 1124 1582 1173 et
1621 1117 1857 1175 navium
1903 1117 2088 1193 figura
2127 1127 2186 1176 et
2226 1136 2314 1177 re·

286 1225 527 1266 morum
570 1217 733 1264 motu
778 1214 837 1264 et
864 1206 1136 1264 inusitato
1174 1223 1389 1282 genere
1435 1216 1856 1266 tormentorum
1891 1210 2143 1283 permoti
2185 1209 2309 1269 bar·
2343 1235 2400 1272 10

287 1300 420 1358 bari
448 1299 832 1356 constiterunt
860 1315 930 1354 ac
959 1299 1197 1373 paulum
1232 1298 1418 1357 modo
1447 1299 1664 1374 pedem
1700 1300 2032 1359 retulerunt.
2117 1303 2310 1376 Atque

285 1391 505 1449 nostris
554 1389 828 1448 militibus
877 1390 1306 1462 cunctantibuS,
1358 1391 1610 1449 maxime
1661 1401 1899 1467 propter
1943 1389 2310 1448 altitudinem

286 1482 485 1553 mariS,
543 1481 644 1557 qui
710 1480 977 1538 decimae
1034 1480 1277 1556 legionis
1340 1481 1594 1558 aquilam
1651 1482 1889 1553 ferebat,
1949 1490 2307 1540 contestatus

288 1573 459 1644 de03,
516 1583 581 1631 ut
624 1590 697 1631 ea
734 1590 825 1630 res
874 1572 1093 1648 legioni
1137 1573 1377 1632 feliciter
1422 1573 1695 1644 eveniret,
1741 1576 1758 1602 ‘
1780 1572 2061 1644 Desilite,’
2103 1573 2306 1647 inquit,

288 1667 307 1695 ‘
332 1665 561 1738 militeS,
621 1664 729 1722 nisi
785 1663 953 1722 vultis
1010 1663 1265 1741 aquilam
1316 1664 1576 1723 hostibus
1618 1663 1906 1740 prodere:
1974 1681 2086 1739 ego
2149 1675 2308 1722 certe
2343 1693 2396 1748 15

286 1772 496 1815 meum
559 1755 913 1831 reipublicae
978 1765 1154 1832 atque
1210 1755 1544 1832 imperatori
1610 1753 1866 1812 officium
1928 1755 2304 1830 praestiter0.'

288 1855 439 1912 Hoc
481 1872 617 1912 cum
643 1871 791 1912 voce
836 1872 1048 1930 magna
1084 1853 1341 1927 dixisset,
1373 1872 1436 1912 se
1475 1871 1549 1912 ex
1590 1853 1717 1910 navi
1754 1853 2000 1928 proiecit
2041 1861 2217 1926 atque
2247 1853 2307 1910 in

288 1947 491 2004 hostes
534 1945 789 2021 aquilam
817 1946 962 2004 ferre
1002 1947 1216 2022 coepit.
1300 1947 1456 2004 Tum
1499 1946 1681 2004 nostri
1718 1944 2007 2002 cohortati
2036 1945 2184 2002 inter
2221 1961 2303 2016 se,

285 2054 369 2096 ne
399 2046 626 2095 tantum
654 2035 917 2096 dedecus
946 2037 1363 2110 admitteretur,
1386 2037 1640 2095 universi
1669 2053 1742 2094 ex
1771 2037 1901 2093 navi
1930 2035 2304 2094 desiluerunt.

288 2130 431 2188 Hos
458 2129 601 2187 item
629 2148 705 2188 ex
740 2130 1017 2205 proximis
1054 2130 1297 2189 navibus
1331 2147 1470 2187 cum
1509 2129 1967 2204 conspexissent,
2013 2128 2307 2186 subsecuti
2337 2144 2398 2180 20

286 2221 557 2280 hostibus
598 2221 1157 2297 appropinquarunt.

372 2315 589 2389 XXVI.
636 2315 965 2389 Pugnatum
1000 2321 1087 2371 est
1126 2311 1202 2370 ab
1242 2311 1499 2387 utrisque
1541 2310 1764 2370 acriter.
1852 2310 2052 2369 Nostri
2090 2320 2305 2381 tamen,

286 2404 457 2481 quod
499 2423 693 2481 neque
735 2403 969 2463 ordines
1012 2410 1251 2462 servare
1285 2420 1480 2477 neque
1523 2401 1762 2461 firmiter
1807 2402 2070 2461 insistere
2112 2418 2306 2476 neque

284 2499 459 2574 signa
494 2497 769 2573 subsequi
803 2505 1090 2573 poterant,
1121 2504 1295 2570 atque
1334 2493 1477 2552 alius
1513 2493 1625 2551 alia
1653 2512 1726 2551 ex
1752 2492 1902 2565 navi,
1933 2492 2304 2568 quibuscum-

287 2610 410 2667 que
460 2590 633 2667 signis
683 2598 1031 2660 occurrerat,
1074 2605 1137 2645 se
1186 2584 1554 2661 aggregabat,
1599 2601 1955 2659 magnopere
2007 2583 2302 2658 perturba-
2335 2602 2396 2656 25

287 2685 503 2742 bantur
522 2703 539 2756 3
610 2681 821 2740 hostes·
860 2696 1019 2751 ver0,
1075 2678 1229 2737 notis
1287 2675 1560 2734 omnibus
1615 2673 1798 2746 vadiS,
1855 2673 1956 2732 ubi
2012 2691 2086 2732 ex
2141 2673 2305 2731 litore

275 2763 519 2849 'aliquos
560 2772 875 2849 singulares
917 2790 991 2829 ex
1033 2770 1163 2827 navi
1207 2766 1574 2845 egredientes
1617 2774 2062 2841 conspexerant,
2102 2765 2304 2822 incita-

286 2868 365 2926 tis
408 2866 572 2941 equis
614 2864 927 2941 impeditos
965 2862 1391 2932 adoriebantur,
1422 2858 1615 2935 plures
1653 2874 1876 2932 paucos
1919 2856 2304 2914 circumsiste-

287 2959 450 3030 bant,
508 2957 602 3015 alii
652 2957 727 3016 ab
780 2956 956 3014 latere
1012 2962 1215 3031 aperto
1271 2952 1331 3010 in
1388 2950 1688 3009 universos
1743 2947 1860 3005 tela
1913 2946 2305 3005 coniciebant.

290 3049 475 3125 Quod
524 3068 661 3108 cum
704 3046 1203 3107 animadvertisset
1258 3044 1494 3114 Caesar,
1552 3038 1798 3115 scaphas
1852 3038 2156 3114 longarum
2204 3056 2303 3095 na-
2335 3066 2397 3115 30

286 3142 469 3212 vium,
502 3142 642 3200 item
685 3138 1073 3217 speculatoria
1112 3136 1341 3211 navigia
1382 3133 1657 3191 militibus
1699 3129 1982 3206 compleri
2023 3128 2186 3187 iussit
2227 3138 2304 3200 et,

287 3252 442 3311 quos
474 3233 802 3311 laborantes
832 3236 1234 3305 conspexerat,
1264 3227 1352 3284 his
1381 3224 1641 3284 subsidia
1673 3221 2064 3282 submittebat.
2152 3220 2209 3279 N
2214 3238 2304 3279 os-

285 3326 381 3400 tri,
425 3324 595 3384 simul
632 3325 693 3382 in
742 3321 905 3381 arido
949 3319 1350 3390 constiterunt,
1393 3317 1511 3375 suis
1559 3315 1833 3373 omnibus
1875 3312 2205 3371 consecutis
2246 3311 2309 3369 in

288 3418 489 3477 hostes
518 3416 805 3490 impetum
833 3414 1095 3471 fecerunt
1127 3419 1303 3484 atque
1332 3426 1436 3467 eos
1464 3407 1524 3465 in
1547 3406 1743 3482 fugam
1773 3403 2082 3475 dederunt,
2112 3419 2308 3477 neque

286 3508 520 3584 longius
561 3504 837 3581 prosequi
878 3510 1212 3578 potuerunt,
1242 3498 1408 3575 quod
1450 3497 1676 3573 equites
1718 3514 1950 3554 cursum
1993 3504 2193 3553 tenere
2222 3502 2304 3551 at·
2333 3509 2394 3564 35

286 3618 408 3677 que
437 3598 685 3656 insulam
713 3613 924 3671 capere
952 3610 1074 3650 non
1104 3599 1432 3667 potuerant.
1519 3590 1660 3647 Hoc
1691 3606 1872 3646 unum
1901 3586 1978 3645 ad
2007 3584 2305 3661 pristinam

285 3694 583 3752 fortunam
614 3687 853 3747 Caesari
880 3684 1083 3743 defuit.

368 3780 626 3841 XXVII.
671 3778 895 3837 Hostes
936 3773 1161 3850 proelio
1205 3771 1476 3847 superati,
1519 3769 1690 3827 simul
1733 3778 1907 3843 atque
1951 3784 2014 3825 se
2057 3784 2132 3824 ex
2172 3768 2307 3841 fuga
