2796 4207
772 254 920 308 LIB.
967 256 1010 307 1.
1052 256 1219 309 CAP.
1259 256 1848 311 XXX111-xxxv1.
2286 239 2369 305 65

351 418 590 475 XXXV.
639 416 752 473 His
780 416 1077 491 responsis
1107 415 1184 474 ad
1215 416 1529 475 Caesarem
1560 416 1767 488 relatis,
1798 416 2006 475 iterum
2034 416 2111 475 ad
2142 436 2278 475 eum

269 509 486 566 Caesar
527 506 748 581 legatos
779 525 914 565 curn
956 507 1044 565 his
1075 506 1364 565 mandatis
1395 508 1604 565 mittit:
1653 508 1949 582 Quoniam
1979 516 2142 567 tanto
2172 527 2277 567 suo

269 599 588 674 populique
634 598 886 655 Romani
929 598 1220 656 beneficio
1262 598 1521 668 affectus,
1565 616 1700 656 cum
1736 600 1797 656 in
1839 599 2138 657 consulatu
2171 618 2276 658 suo

267 711 370 748 rex
399 702 573 765 atque
605 692 825 749 amicus
855 710 890 748 a
919 701 1125 749 senatu
1156 692 1479 766 appellatus
1510 700 1681 763 esset,
1713 692 1863 749 hanc
1892 692 2001 750 sibi
2028 692 2273 767 populo-

269 801 385 857 que
431 783 704 839 Romano
753 783 996 856 gratiam
1044 783 1297 854 referret,
1342 792 1405 839 ut
1450 783 1511 839 in
1552 782 1907 857 colloquium
1950 784 2147 841 venire
2188 785 2273 841 in·
2306 797 2332 848 5

268 874 478 931 vitatus
519 884 844 947 gravaretur
887 890 1080 947 neque
1123 872 1200 930 de
1245 874 1546 932 communi
1590 892 1652 931 re
1696 873 2015 932 dicendum
2060 875 2167 932 sibi
2217 885 2275 933 et

269 961 748 1038 cognoscendum
806 972 1053 1037 putaret,
1098 962 1244 1020 haec
1287 981 1435 1035 esse,
1480 982 1629 1038 quae
1672 964 1746 1022 ab
1796 982 1867 1022 eo
1918 965 2270 1039 postularet:

265 1056 537 1129 primum,
597 1072 670 1111 ne
729 1072 906 1129 quam
962 1052 1396 1113 multitudinem
1454 1054 1761 1113 hominum
1818 1056 2063 1130 amplius
2119 1064 2273 1114 trans

265 1146 544 1204 Rhenum
587 1145 646 1201 in
691 1144 939 1203 Galliam
983 1145 1313 1203 traduceret
1332 1166 1350 1218 3
1410 1144 1645 1218 deinde,
1689 1145 1943 1217 obsideS,
1988 1164 2136 1221 quos
2178 1147 2273 1205 ha-

261 1236 426 1295 beret
461 1236 535 1294 ab
566 1234 805 1306 AeduiS,
836 1235 1126 1308 redderet,
1161 1237 1560 1311 Sequanisque
1597 1238 1971 1313 permitteret,
2002 1247 2083 1309 ut,
2123 1256 2273 1313 quos
2304 1264 2361 1299 10

261 1327 336 1383 illi
367 1326 672 1396 haberent,
696 1326 990 1385 voluntate
1019 1328 1144 1385 eius
1172 1326 1419 1385 reddere
1450 1328 1555 1384 illis
1584 1328 1785 1385 liceret
1804 1348 1822 1401 ;
1852 1345 2001 1385 neve
2030 1327 2271 1387 Aeduos

262 1416 468 1475 iniuria
508 1416 831 1488 lacesseret,
865 1436 1012 1476 neve
1058 1418 1144 1476 his
1186 1420 1477 1493 sociisque
1521 1436 1724 1476 eorum
1761 1418 1977 1476 bellurn
2020 1419 2268 1477 inferret.

263 1508 321 1566 Si
351 1506 411 1565 id
440 1507 520 1565 ita
545 1507 792 1579 fecisset,
822 1509 931 1567 sibi
960 1510 1298 1585 populoque
1330 1510 1606 1568 Romano
1646 1518 1989 1584 perpetuam
2030 1510 2271 1585 gratiam

263 1608 441 1672 atque
483 1598 796 1656 amicitiam
839 1618 978 1657 cum
1021 1618 1094 1658 eo
1137 1601 1424 1659 futuram:
1473 1600 1520 1658 si
1563 1617 1683 1657 non
1727 1600 2077 1674 impetraret,
2122 1618 2267 1673 sese,

263 1689 542 1763 quoniam
573 1690 660 1747 M.
691 1690 965 1761 Messala,
999 1692 1083 1749 M.
1115 1692 1326 1749 Pisone
1363 1690 1700 1749 consulibus
1738 1700 1969 1748 senatus
2012 1692 2267 1749 censuis-
2302 1706 2357 1759 15

261 1790 368 1851 set,
398 1780 499 1851 uti,
530 1780 865 1856 quicunque
895 1782 1142 1840 Galliam
1173 1783 1535 1857 provinciam
1564 1782 1874 1853 obtineret,
1903 1780 2067 1856 quod
2106 1800 2267 1841 com-

260 1871 444 1930 modo
486 1872 838 1947 reipublicae
881 1872 1071 1931 facere
1114 1884 1328 1949 posset,
1376 1874 1615 1931 Aeduos
1658 1882 2004 1949 ceterosque
2047 1875 2269 1933 amicos

257 1964 464 2039 populi
506 1964 761 2021 Romani
801 1962 1160 2036 defenderet,
1200 1983 1263 2023 se
1303 1964 1642 2023 Aeduorum
1686 1965 1917 2044 iniurias
1961 1983 2081 2023 non
2127 1984 2264 2041 neg-

247 2055 563 2113 lecturum.
641 2133 648 2137 ⁸
2272 2048 2279 2053 ⁵

339 2147 614 2205 XXXVI.
658 2145 751 2204 Ad
794 2147 941 2205 haec
983 2149 1299 2208 Ariovistus
1328 2149 1665 2224 respondit:
1714 2151 1814 2208 Ius
1843 2166 1969 2208 esse
1998 2149 2152 2222 belli,
2182 2159 2264 2222 ut,
2296 2172 2357 2208 20

260 2238 359 2311 qui
401 2237 693 2306 vicissent,
723 2237 822 2312 eis,
855 2256 1002 2313 quos
1036 2239 1327 2312 vicissent,
1359 2240 1862 2315 quemadmodum
1897 2241 2129 2312 vellent,
2160 2242 2264 2299 irn-

260 2337 566 2402 perarent:
631 2329 771 2386 item
816 2331 1100 2404 populum
1145 2332 1486 2389 Romanum
1533 2332 1697 2389 victis
1743 2350 1865 2390 non
1912 2331 1990 2390 ad
2039 2333 2266 2391 alterius

259 2419 698 2493 praescriptum,
730 2419 835 2477 sed
864 2419 942 2478 ad
969 2439 1139 2478 suum
1167 2421 1463 2480 arbitrium
1492 2423 1774 2497 imperare
1803 2441 2137 2484 consuesse.
2208 2426 2266 2484 Si

260 2511 386 2584 ipse
427 2510 652 2586 populo
681 2511 955 2570 Romano
997 2531 1118 2572 non
1158 2514 1590 2590 praescriberet,
1623 2515 2129 2590 quemadmodum
2160 2535 2265 2576 suo

259 2603 381 2661 iure
427 2613 698 2675 uteretur,
741 2622 861 2662 non
913 2615 1184 2682 oportere
1223 2625 1350 2665 sese
1394 2626 1430 2665 a
1469 2607 1693 2684 populo
1734 2611 2009 2668 Romano
2052 2611 2115 2668 in
2159 2629 2265 2668 suo
2296 2635 2351 2688 25

259 2694 380 2751 iure
410 2693 697 2768 impediri.
769 2694 1008 2754 Aeduos
1037 2697 1162 2769 sibi,
1195 2699 1472 2773 quoniam
1503 2703 1637 2760 belli
1668 2705 1955 2763 fortunam
1986 2713 2262 2779 temptas-

260 2795 390 2842 sent
433 2795 491 2842 et
531 2787 700 2842 armis
730 2788 1026 2862 congressi
1054 2807 1123 2846 ac
1155 2791 1406 2865 superati
1446 2805 1659 2867 essent,
1691 2796 2095 2871 stipendiarios
2138 2813 2265 2854 esse

261 2875 460 2932 factos
549 2877 827 2950 Magnam
857 2879 1167 2936 Caesarem
1201 2881 1466 2940 iniuriam
1498 2886 1706 2957 facere,
1742 2888 1839 2962 qui
1871 2907 1977 2947 suo
2009 2887 2261 2946 adventu

255 2966 558 3038 vectigalia
587 2967 694 3024 sibi
737 2967 1025 3026 deteriora
1066 2970 1297 3029 faceret.
1385 2974 1606 3034 Aeduis
1637 2995 1697 3035 se
1730 2978 1965 3037 obsides
2003 2978 2261 3037 redditu-

257 3075 386 3112 rum
430 3073 549 3113 non
593 3075 738 3128 esse,
769 3076 963 3135 neque
1006 3062 1088 3121 eis
1131 3083 1324 3140 neque
1356 3083 1561 3142 eorum
1590 3069 1761 3127 sociis
1801 3069 2007 3127 iniuria
2047 3055 2261 3128 bellurn
2292 3086 2353 3136 30

257 3147 566 3217 illaturum,
597 3148 641 3205 si
686 3149 745 3206 in
788 3167 860 3206 eo
905 3165 1222 3227 manerent,
1255 3155 1417 3231 quod
1460 3159 1845 3231 convenisset,
1881 3160 2259 3236 stipendium-

256 3255 374 3310 que
417 3239 729 3310 quotannis
773 3241 1100 3315 penderent
1119 3266 1136 3317 3
1183 3246 1229 3304 si
1271 3246 1332 3304 id
1361 3266 1482 3306 non
1511 3249 1802 3321 fecissent,
1833 3251 2005 3326 longe
2042 3253 2123 3309 eis
2153 3252 2258 3308 fra-

259 3331 488 3384 ternum
525 3345 744 3387 nomen
785 3333 988 3406 populi
1021 3335 1275 3394 Romani
1307 3339 1613 3398 afuturum.
1700 3340 1881 3414 Quod
1910 3342 2017 3400 sibi
2048 3342 2263 3400 Caesar

256 3416 644 3492 denuntiaret,
669 3438 731 3479 se
762 3422 1100 3482 Aeduorum
1131 3427 1362 3486 iniurias
1384 3447 1503 3487 non
1524 3430 1939 3504 neglecturum,
1964 3432 2261 3489 neminem

255 3525 465 3585 secum
502 3510 626 3568 sine
669 3529 774 3569 sua
813 3515 1070 3588 pernicie
1113 3518 1505 3578 contendisse.
1588 3520 1742 3578 Cum
1785 3521 1972 3594 vellet,
2017 3540 2258 3598 congre·
2288 3530 2347 3584 35

257 3598 526 3658 deretur:
573 3600 1017 3675 intellecturum,
1049 3607 1191 3681 quid
1233 3608 1432 3668 invicti
1478 3611 1773 3683 Germani,
1808 3613 2259 3670 exercitatissimi

255 3689 316 3745 in
346 3691 535 3762 armiS,
571 3693 670 3767 qui
714 3693 861 3752 inter
903 3714 1086 3755 annos
1129 3715 1228 3755 xlv
1274 3709 1493 3758 tectum
1536 3719 1656 3758 non
1701 3702 2008 3774 subissent,
2052 3704 2257 3762 virtute
2293 3721 2296 3724 ·

256 3791 515 3856 possent.

1251 3938 1277 3989 5
