2796 4207
466 205 592 272 146
1110 220 1219 275 DE
1273 220 1528 275 BELLo
1580 221 1924 277 GALLlco

552 404 673 445 non
715 384 1015 444 decimum
1048 402 1343 461 quemque
1386 402 1514 443 esse
1543 385 1830 460 reliquum
1859 386 2098 445 militem
2129 387 2252 446 sine
2281 388 2524 449 vulnere
2551 412 2565 449 :

552 496 626 536 ex
654 476 743 535 his
770 476 1042 535 omnibus
1070 476 1289 534 iudicat
1324 476 1516 547 rebus,
1547 484 1766 551 quanto
1795 495 1933 535 cum
1961 478 2223 552 periculo
2251 486 2314 537 et
2340 490 2570 555 quanta

552 589 687 629 cum
742 570 949 628 virtute
1004 587 1096 627 res
1152 570 1265 628 sint
1318 568 1768 628 administratae.
1861 570 2213 629 Ciceronem
2269 588 2378 647 pro
2434 573 2568 633 eius

552 661 759 721 merito
813 661 1223 737 legionemque
1279 659 1574 719 collaudat
1594 681 1611 733 5
1669 662 2040 720 centuriones
2089 662 2420 738 singillatim
2466 665 2569 723 tri-

498 772 524 825 5
550 756 857 830 bunosque
896 754 1139 811 militum
1184 753 1454 829 appellat,
1487 772 1736 829 quorum
1763 755 2052 831 egregiam
2083 755 2255 814 fuisse
2287 756 2564 817 virtutem

550 845 885 905 testimonio
920 845 1219 903 Ciceronis
1262 855 1634 921 cognoverat.
1717 846 1813 904 De
1855 865 1993 904 casu
2023 846 2219 905 Sabini
2257 856 2316 905 et
2343 848 2564 907 Cottae

550 937 763 996 certius
804 956 877 995 ex
919 936 1159 1012 captivis
1204 936 1525 1012 cognoscit.
1611 938 1851 996 Postero
1893 936 1990 996 die
2033 938 2309 997 contione
2359 938 2568 998 habita

549 1047 671 1087 rem
700 1038 922 1104 gestam
966 1028 1258 1103 proponit,
1289 1027 1497 1085 milites
1534 1028 1866 1086 consolatur
1907 1037 1966 1086 et
2003 1028 2345 1087 confirmat:
2389 1031 2566 1105 quod

550 1119 962 1177 detrimentum
992 1119 1167 1195 culpa
1195 1128 1252 1176 et
1280 1118 1601 1177 temeritate
1631 1118 1803 1195 legati
1832 1119 1904 1177 sit
1937 1128 2267 1195 acceptum,
2298 1120 2414 1179 hoc
2456 1140 2564 1181 ae-

464 1234 524 1272 10
549 1211 750 1286 quiore
772 1211 969 1268 animo
992 1208 1299 1268 ferundum
1323 1209 1516 1281 docet,
1534 1209 1714 1286 quod,
1734 1210 2024 1269 beneficio
2045 1210 2294 1270 deorum
2315 1212 2562 1271 immor-

548 1302 748 1361 talium
776 1312 835 1360 et
862 1303 1068 1360 virtute
1098 1320 1298 1361 eorum
1344 1302 1578 1377 expiato
1620 1302 2020 1376 incommodO,
2051 1322 2246 1379 neque
2289 1304 2562 1365 hostibus

548 1392 773 1453 diutina
798 1394 1031 1452 laetatio
1060 1412 1251 1469 neque
1282 1394 1420 1468 ipsis
1449 1392 1677 1470 longior
1703 1392 1873 1452 dolor
1898 1395 2266 1470 relinquatur.

600 1564 655 1618 A
675 1564 961 1633 proposed
976 1564 1164 1617 attack
1188 1581 1258 1617 on
1288 1564 1570 1617 Labienus
1594 1564 1645 1617 is
1668 1564 2026 1629 abandoned.-
2061 1564 2164 1618 but
2184 1565 2396 1619 almost
2415 1566 2512 1621 all

1256 1645 1416 1697 Gaul
1436 1645 1488 1698 is
1510 1644 1726 1699 stirred
1743 1648 1840 1714 up.

629 1770 800 1827 LIII.
852 1769 1091 1827 Interim
1121 1767 1197 1825 ad
1226 1768 1550 1827 Labienum
1585 1786 1692 1843 per
1719 1770 1943 1828 Remos
1982 1768 2306 1829 incredibili
2347 1770 2553 1830 celeri-

546 1869 663 1918 tate
693 1859 769 1917 de
800 1860 1039 1918 victoria
1067 1859 1329 1917 Caesaris
1370 1859 1526 1917 fama
1561 1859 1858 1935 perfertur,
1888 1868 1968 1932 ut,
1999 1878 2136 1918 cum
2176 1860 2252 1919 ab
2293 1860 2554 1923 hibernis

462 1970 520 2025 15
546 1951 847 2011 Ciceronis
876 1951 1031 2009 milia
1056 1969 1331 2026 passuum
1360 1951 1590 2010 abesset
1611 1951 1838 2009 circiter
1857 1968 1951 2022 Lx,
1974 1969 2165 2027 eoque
2187 1962 2321 2027 post
2343 1952 2554 2013 horam

544 2062 761 2102 nonam
784 2042 901 2101 diei
924 2044 1141 2102 Caesar
1160 2043 1534 2120 pervenisset,
1557 2052 1690 2102 ante
1714 2042 1970 2102 mediam
1993 2052 2230 2103 noctem
2252 2044 2330 2103 ad
2352 2056 2552 2122 portas

544 2145 861 2194 castrorum
904 2137 1124 2194 clamor
1164 2146 1438 2208 oreretur,
1468 2154 1587 2212 quo
1621 2136 1874 2194 clamore
1903 2137 2243 2212 significatio
2269 2138 2551 2198 victoriae

543 2228 963 2303 gratulatioque
1006 2229 1080 2286 ab
1122 2229 1324 2287 Remis
1369 2228 1629 2286 Labieno
1671 2227 1852 2286 fieret.
1939 2227 2078 2287 Hac
2115 2229 2269 2287 fama
2295 2229 2373 2287 ad
2405 2232 2549 2289 Tre-

543 2337 711 2377 veros
748 2320 983 2394 perlata,
1025 2319 1475 2392 IndutiomaruS,
1518 2320 1618 2394 qui
1661 2330 1895 2394 postero
1935 2319 2034 2379 die
2075 2330 2263 2378 castra
2305 2322 2552 2381 Labieni

457 2435 520 2472 20
544 2427 882 2485 oppugnare
930 2409 1282 2482 decreverat,
1330 2421 1513 2469 noctu
1561 2411 1814 2487 profugit
1868 2412 2185 2487 copiasque
2235 2429 2446 2471 omnes
2491 2415 2552 2472 in

541 2503 825 2560 Treveros
865 2502 1107 2560 reducit.
1192 2504 1408 2562 Caesar
1438 2503 1684 2562 Fabium
1717 2522 1854 2562 cum
1895 2523 2000 2562 sua
2035 2505 2265 2580 legione
2307 2507 2554 2565 remittit

542 2593 603 2650 in
632 2592 891 2664 hiberna,
922 2595 1045 2668 ipse
1075 2613 1211 2651 cum
1249 2593 1429 2652 tribus
1467 2594 1791 2670 legionibus
1833 2595 2054 2654 circum
2083 2597 2547 2656 Samarobrivam

541 2683 701 2741 trinis
730 2683 983 2742 hibernis
1013 2684 1267 2742 hiemare
1302 2686 1598 2743 constituit
1627 2695 1704 2758 et,
1735 2685 1898 2761 quod
1925 2687 2071 2744 tanti
2101 2696 2294 2745 motus
2323 2689 2550 2747 Galliae

543 2775 894 2848 exstiterant,
918 2785 1101 2834 totam
1124 2776 1376 2834 hiemem
1403 2777 1526 2852 ipse
1549 2775 1625 2834 ad
1648 2778 1968 2835 exercitum
1997 2796 2234 2836 manere
2265 2777 2548 2838 decrevit.

456 2879 513 2932 25
546 2867 701 2924 Nam
746 2867 842 2925 illo
885 2866 1267 2925 incommodo
1310 2866 1385 2926 de
1431 2867 1624 2928 Sabini
1675 2878 1860 2926 morte
1909 2869 2133 2944 perlato
2175 2887 2385 2929 omnes
2427 2871 2550 2929 fere

544 2957 765 3016 Galliae
795 2958 1053 3016 civitates
1083 2958 1158 3016 de
1187 2959 1340 3017 bello
1376 2959 1797 3031 consultabant,
1829 2961 2065 3018 nuntios
2106 2961 2550 3037 legationesque

542 3048 599 3105 in
631 3066 836 3106 omnes
864 3059 1055 3123 partes
1085 3048 1453 3108 dimittebant
1481 3059 1558 3122 et,
1587 3049 1731 3124 quid
1758 3051 1960 3127 reliqui
1999 3052 2226 3110 consilii
2269 3063 2552 3128 caperent

542 3149 718 3214 atque
761 3138 918 3206 unde
962 3140 1187 3198 initium
1229 3140 1362 3199 belli
1393 3141 1574 3212 fieret,
1615 3141 1994 3216 explorabant
2035 3153 2442 3219 nocturnaque
2487 3145 2549 3202 in

541 3230 685 3289 locis
734 3229 975 3289 desertis
1024 3231 1273 3289 concilia
1321 3231 1632 3290 habebant.
1720 3234 1932 3308 Neque
1983 3234 2162 3293 ullum
2206 3236 2324 3294 fere
2367 3235 2550 3294 totius

455 3345 516 3395 30
543 3321 748 3380 hiemis
803 3332 1033 3397 tempus
1088 3323 1211 3380 sine
1268 3322 1652 3380 sollicitudine
1703 3323 1964 3382 Caesaris
2013 3326 2351 3396 intercessit,
2399 3327 2550 3402 'quin

542 3413 793 3488 aliquem
838 3413 913 3471 de
956 3413 1209 3472 consiliis
1251 3432 1319 3470 ac
1362 3423 1526 3471 motu
1569 3414 1868 3472 Gallorum
1911 3417 2179 3474 nuntium
2230 3417 2544 3491 acciperet.

544 3505 616 3561 In
657 3503 745 3562 his
787 3504 861 3562 ab
902 3504 1085 3563 Lucio
1115 3503 1355 3574 Roscio,
1386 3521 1563 3578 quem
1605 3503 1820 3578 legioni
1861 3504 2334 3565 tertiaedecimae
2377 3525 2548 3582 prae-

541 3595 771 3665 fecerat,
823 3595 1033 3652 certior
1076 3595 1258 3652 factus
1307 3604 1414 3666 est,
1458 3613 1696 3669 magnas
1740 3596 2042 3655 Gallorum
2089 3597 2292 3672 copias
2342 3615 2544 3656 earum

543 3685 857 3754 civitatum,
882 3703 1031 3758 quae
1054 3685 1424 3742 Aremoricae
1447 3686 1825 3760 appellantur,
1849 3687 2230 3764 oppugnandi
2253 3690 2343 3746 sui
2365 3707 2546 3747 causa

456 3787 516 3836 35
543 3775 882 3831 convenisse
914 3793 1103 3847 neque
1132 3774 1357 3848 longius
1387 3774 1542 3832 milia
1568 3793 1843 3849 passuum
1873 3787 2010 3836 octo
2039 3779 2114 3837 ab
2143 3778 2398 3839 hibernis
2427 3779 2546 3838 suis
