2796 4207
484 224 611 291 158
1122 240 1233 294 DE
1286 239 1543 294 BELLO
1596 240 1833 295 GALLI
1843 241 1942 295 CO

570 402 727 460 hunc
753 399 1086 477 Apollinem
1115 409 1175 458 et
1204 400 1458 458 Martem
1488 410 1547 457 et
1576 401 1778 458 Iovem
1821 409 1880 458 et
1919 400 2262 461 Minervam.
2349 404 2444 462 De
2487 404 2580 463 his

569 490 821 551 eandem
842 491 981 562 fere,
1000 509 1177 566 quam
1195 491 1451 566 reliquae
1474 501 1695 566 genteS,
1716 491 1932 550 habent
1949 492 2288 567 opinionem
2313 514 2326 551 :
2358 494 2579 570 Apolli-

567 601 705 643 nem
734 584 971 641 morbos
1000 582 1309 657 depellere,
1342 582 1670 641 Minervam
1699 600 1944 658 operum
1982 594 2157 660 atque
2200 584 2574 644 artificiorum

567 675 730 733 initia
780 672 1025 745 tradere,
1072 675 1273 732 Iovem
1321 674 1630 749 imperium
1673 676 2012 734 caelestium
2056 686 2274 747 tenere,
2319 678 2576 736 Martem

516 788 541 840 5
568 766 719 827 bella
745 783 963 840 regere.
1050 764 1231 837 Huic,
1262 782 1397 822 cum
1428 765 1650 839 proelio
1693 765 1971 826 dimicare
2009 767 2452 840 constituerunt,
2481 786 2575 840 ea,

566 876 717 934 quae
740 858 894 916 bello
923 856 1201 931 ceperint,
1225 856 1570 932 plerumque
1599 856 1890 917 devovent
1912 880 1928 932 3
1971 878 2106 917 cum
2136 869 2576 934 superaverunt,

567 949 836 1008 animalia
863 958 1033 1023 capta
1063 949 1365 1006 immolant
1392 948 1758 1023 reliquasque
1788 968 1879 1009 res
1910 951 1968 1009 in
2000 970 2181 1009 unum
2210 952 2404 1009 locum
2435 970 2578 1010 con-

567 1042 773 1100 ferunt.
846 1041 1049 1099 Multis
1076 1040 1137 1098 in
1166 1040 1492 1099 civitatibus
1522 1040 1724 1099 harum
1751 1059 1940 1100 rerum
1973 1052 2295 1101 exstructos
2317 1043 2576 1102 tumulos

566 1133 711 1192 locis
760 1131 1115 1191 consecratis
1164 1131 1490 1205 conspicari
1537 1131 1708 1206 licet,
1759 1150 1952 1208 neque
2001 1151 2176 1209 saepe
2221 1132 2456 1204 accidit,
2507 1144 2577 1193 ut

482 1248 541 1288 ro
566 1226 835 1302 neglecta
877 1224 1165 1300 quispiam
1206 1224 1485 1299 religione
1527 1233 1628 1282 aut
1667 1235 1842 1301 capta
1868 1224 2028 1302 apud
2055 1244 2118 1285 se
2146 1224 2442 1283 occultare
2470 1234 2577 1285 aut

567 1318 758 1395 posita
785 1316 984 1375 tollere
1025 1315 1285 1387 auderet,
1315 1315 1830 1391 gravissimumque
1859 1317 1914 1375 ei
1941 1318 2024 1375 rei
2053 1316 2403 1393 supplicium
2433 1334 2574 1375 curn

565 1412 823 1472 cruciatu
852 1410 1228 1468 constitutum
1258 1418 1363 1467 est.

644 1502 871 1560 XVIII.
917 1499 1067 1558 Galli
1095 1516 1158 1557 se
1187 1516 1392 1557 omnes
1422 1499 1497 1557 ab
1526 1500 1664 1557 Dite
1692 1509 1854 1575 patre
1885 1510 2198 1577 prognatos
2225 1497 2577 1576 praedicant

566 1592 745 1668 idque
774 1592 849 1650 ab
877 1590 1179 1649 druidibus
1207 1589 1504 1664 proditum
1535 1589 1756 1648 dicunt.
1831 1591 1930 1650 Ob
1957 1610 2088 1649 eam
2118 1608 2352 1649 causam
2383 1592 2576 1666 spatia

482 1708 539 1763 15
566 1683 757 1743 omnis
802 1682 1079 1757 temporis
1128 1698 1249 1739 non
1291 1698 1536 1739 numero
1579 1679 1824 1753 dierum,
1867 1680 1972 1739 sed
2015 1681 2277 1740 noctium
2318 1680 2572 1755 finiunt3

566 1774 693 1833 dies
734 1773 952 1831 natales
996 1781 1055 1830 et
1095 1772 1385 1831 mensium
1420 1781 1481 1829 et
1512 1788 1794 1829 annorum
1841 1772 2002 1830 initia
2037 1772 2122 1830 sic
2149 1772 2475 1843 observant,
2505 1782 2575 1831 ut

567 1876 803 1924 noctem
833 1864 958 1921 dies
986 1863 1383 1937 subsequatur.
1469 1861 1541 1919 In
1569 1862 1800 1936 reliquis
1823 1863 1971 1922 vitae
2001 1863 2274 1922 institutis
2301 1862 2418 1921 hoc
2447 1862 2570 1922 fere

567 1957 641 2016 ab
668 1955 899 2031 reliquis
928 1953 1217 2025 differunt,
1247 1951 1412 2029 quod
1440 1969 1576 2011 suos
1603 1952 1832 2025 liberoS,
1863 1954 1970 2012 nisi
2001 1972 2138 2012 cum
2167 1952 2596 2029 adoleverunt„

566 2055 631 2106 ut
671 2063 883 2106 munus
926 2044 1159 2103 militiae
1200 2043 1482 2102 sustinere
1523 2042 1745 2120 possint
1787 2044 1978 2120 palam
2019 2043 2097 2105 ad
2139 2062 2200 2103 se
2243 2043 2403 2103 adire
2446 2061 2570 2103 non

479 2173 541 2210 20
566 2138 859 2216 patiuntur
906 2136 1201 2211 filiumque
1247 2133 1452 2211 puerili
1499 2143 1689 2215 aetate
1737 2135 1797 2192 in
1845 2134 2083 2210 publico
2133 2136 2190 2194 in
2243 2144 2572 2212 conspectu

567 2230 742 2306 patris
770 2228 1034 2287 assistere
1065 2237 1230 2302 turpe
1261 2225 1502 2284 ducunt.

645 2320 807 2378 XIX.
850 2319 990 2391 Viri,
1040 2328 1284 2394 quantas
1331 2317 1613 2393 pecunias
1660 2317 1736 2375 ab
1789 2313 2064 2376 uxoribus
2118 2315 2274 2376 dotis
2328 2317 2571 2378 nomine

567 2421 937 2487 acceperunt,
968 2421 1156 2469 tantas
1184 2428 1258 2468 ex
1285 2409 1403 2468 suis
1438 2408 1610 2467 bonis
1643 2407 2044 2468 aestimatione
2071 2407 2224 2466 facta
2250 2426 2390 2466 cum
2417 2407 2570 2468 doti-

565 2503 675 2563 bus
703 2501 1157 2562 communicant.
1243 2501 1438 2559 Huius
1478 2498 1670 2558 omnis
1712 2500 1996 2575 pecuniae
2031 2499 2392 2558 coniunctim
2421 2501 2571 2559 ratio

480 2619 507 2656 2
512 2619 540 2671 5
565 2594 810 2653 habetur
851 2594 1185 2668 fructusque
1226 2601 1560 2664 servantur3
1603 2600 1730 2649 uter
1771 2609 1974 2650 eorum
2000 2591 2115 2648 vita
2146 2591 2455 2666 superavit,
2491 2590 2572 2650 ad

567 2704 702 2744 eum
756 2702 889 2760 pars
945 2683 1239 2760 utriusque
1295 2701 1432 2740 cum
1487 2681 1764 2740 fructibus
1820 2682 2180 2757 superiorum
2235 2691 2571 2758 temporum

566 2780 844 2857 pervenit.
926 2779 1049 2836 Viri
1097 2777 1157 2835 in
1204 2794 1433 2846 uxoreS,
1483 2775 1650 2834 sicuti
1697 2775 1758 2832 in
1805 2773 2034 2846 liberOS,
2083 2773 2233 2832 vitae
2288 2773 2570 2849 necisque

567 2873 785 2933 habent
812 2881 1161 2949 potestatem
1183 2892 1199 2943 3
1243 2878 1462 2928 etcum
1483 2867 1894 2944 paterfamiliae
1923 2866 2221 2925 illustriore
2241 2865 2377 2924 loco
2400 2876 2571 2924 natus

567 2963 838 3037 decessit,
890 2963 1014 3022 eius
1058 2960 1372 3037 propinqui
1421 2959 1779 3018 conveniunt
1820 2969 1896 3030 et,
1939 2956 2016 3017 de
2059 2967 2245 3016 morte
2287 2957 2335 3016 si
2377 2975 2468 3016 res
2511 2957 2571 3014 in

480 3076 540 3126 30
569 3058 959 3134 suspicionem
990 3055 1164 3127 venit,
1203 3053 1281 3112 de
1323 3053 1598 3112 uxoribus
1631 3052 1691 3110 in
1725 3051 1990 3110 servilem
2030 3049 2275 3109 modurn
2319 3048 2568 3125 quaesti·

568 3166 743 3206 onem
773 3148 991 3208 habent
1018 3158 1095 3219 et,
1124 3146 1168 3205 si
1210 3154 1578 3220 compertum
1621 3156 1726 3215 est,
1762 3142 1881 3219 igni
1921 3151 2095 3218 atque
2137 3141 2413 3200 omnibus
2454 3149 2567 3199 tor-

569 3241 778 3299 mentis
808 3239 1161 3299 excruciatas
1190 3236 1561 3296 interficiunt.
1635 3237 1863 3294 Funera
1890 3243 2024 3294 sunt
2050 3252 2159 3310 pro
2187 3233 2348 3292 cultu
2371 3232 2567 3292 Gallo·

566 3350 695 3389 rum
742 3331 1053 3406 magnifica
1097 3339 1156 3388 et
1205 3338 1584 3404 sumptuosa3
1634 3326 1966 3402 omniaque,
2015 3343 2168 3401 quae
2215 3324 2360 3383 vivis
2405 3322 2571 3382 cordi

568 3422 742 3481 fixisse
771 3422 1132 3493 arbitrantur,
1162 3421 1221 3479 in
1252 3420 1447 3496 ignem
1478 3420 1744 3489 inferunt,
1776 3419 1949 3476 etiam
1978 3416 2264 3487 animalia,
2295 3434 2366 3475 ac
2393 3415 2568 3491 paulo

479 3520 543 3575 ³5
568 3531 743 3589 supra
782 3513 934 3571 hanc
977 3512 1319 3571 memoriam
1363 3510 1511 3569 servi
1551 3519 1610 3568 et
1647 3509 1906 3580 clientes,
1936 3527 2086 3584 quos
2115 3508 2188 3567 ab
2218 3508 2285 3566 iis
2324 3505 2569 3566 dilectos

568 3621 695 3664 esse
724 3605 1046 3673 constabat,
1076 3603 1235 3661 iustis
1262 3601 1558 3660 funeribus
1585 3600 1866 3659 confectis
1893 3617 2011 3657 una
2037 3599 2462 3658 cremabantur.

646 3695 775 3753 XX.
821 3694 989 3768 Quae
1017 3693 1275 3752 civitates
1304 3690 1674 3751 commodius
1702 3709 1866 3749 suam
1888 3689 2304 3766 rempublicam
2327 3685 2568 3747 admini-

570 3794 745 3842 strare
789 3784 1201 3854 existimantur,
1230 3783 1450 3842 habent
1485 3782 1706 3858 legibus
1745 3791 2030 3852 sanctum,
2059 3780 2108 3840 si
2141 3781 2271 3857 quis
2309 3777 2456 3856 quid
2493 3775 2568 3835 de
