2796 4207
842 285 986 336 LIB.
1031 285 1143 337 111.
1190 284 1356 338 CAP.
1395 282 1698 336 vni-xl.
2232 258 2311 322 97

220 443 642 524 navigationem
671 442 1012 518 impeditam
1042 453 1279 518 propter
1316 443 1680 501 inscientiam
1720 445 1982 502 locorum
2024 440 2222 518 pauci-

219 544 512 607 tatemque
543 543 812 608 portuum
844 533 1123 605 sciebant,
1154 552 1345 610 neque
1384 545 1616 593 nostros
1659 533 1944 592 exercitus
1987 540 2231 608 propter

218 624 485 682 frumenti
532 625 786 699 inopiam
822 623 1037 683 diutius
1071 624 1231 700 apud
1259 643 1321 684 se
1350 625 1560 684 morari
1590 643 1762 700 posse
1809 623 2188 683 confidebant
2209 645 2226 697 ;

216 733 283 772 ac
312 717 425 772 iam
457 725 521 772 ut
550 715 747 773 omnia
774 725 979 773 contra
1006 717 1345 791 opinionem
1376 715 1728 788 acciderent,
1753 725 1947 774 tamen
1969 733 2031 774 se
2053 715 2225 792 pluri-

218 825 371 862 mum
403 806 645 863 navibus
674 823 865 881 posse,
892 808 1197 864 Romanos
1225 824 1418 882 neque
1451 807 1623 864 ullam
1645 806 1979 865 facultatem
2012 806 2228 866 habere
2259 823 2286 873 5

215 897 445 954 navium
496 914 695 971 neque
752 915 955 954 eorum
1011 897 1292 971 locorum,
1342 897 1442 955 ubi
1487 897 1701 956 bellum
1753 898 1965 973 gesturi
2015 907 2226 969 essent,

214 986 378 1058 vada,
421 996 643 1062 portuS,
694 987 906 1044 insulas
951 987 1219 1060 novisse,
1269 1005 1339 1045 ac
1383 988 1558 1064 longe
1603 989 1774 1047 aliam
1822 1007 1949 1048 esse
1994 989 2224 1064 naviga-

215 1079 431 1135 tionem
460 1079 519 1135 in
551 1077 829 1136 concluso
858 1079 1001 1135 mari
1022 1088 1200 1152 atque
1224 1080 1281 1136 in
1305 1080 1629 1138 vastissimo
1658 1090 1834 1156 atque
1864 1080 2227 1156 apertissimo

216 1169 455 1228 Oceano
498 1168 941 1244 perspiciebant.
1034 1170 1147 1227 His
1184 1171 1335 1229 initis
1375 1172 1631 1230 consiliis
1673 1171 1895 1247 oppida
1935 1171 2222 1243 muniunt,

214 1258 499 1316 frumenta
528 1276 602 1315 ex
628 1258 777 1333 agris
817 1259 876 1315 in
918 1257 1141 1334 oppida
1184 1271 1572 1337 comportant,
1605 1279 1778 1320 naves
1806 1262 1867 1320 in
1893 1261 2222 1332 Venetiam,
2258 1285 2316 1320 10

214 1350 312 1410 ubi
333 1351 646 1409 Caesarem
678 1349 929 1425 primum
961 1367 1088 1410 esse
1117 1352 1333 1411 bellum
1362 1364 1660 1430 gesturum
1690 1354 2016 1424 constabat,
2046 1370 2225 1427 quam

216 1441 483 1516 plurimas
514 1449 777 1516 possunt,
808 1450 1045 1516 cogunt.
1130 1443 1334 1503 Socios
1363 1445 1472 1503 sibi
1500 1444 1577 1502 ad
1605 1443 1665 1502 id
1695 1444 1908 1503 bellurn
1940 1444 2222 1513 OsismoS,

220 1534 519 1606 LexoviOS,
566 1533 906 1606 Namnetes,
948 1533 1316 1611 Ambiliatos,
1352 1537 1637 1610 MorinOS,
1679 1537 2048 1608 DiablintreS,
2095 1538 2222 1594 Me-
2363 1604 2371 1613 Ι

216 1625 417 1702 napios
472 1623 813 1683 adsciscunt
832 1645 849 1697 3
905 1625 1119 1686 auxilia
1172 1646 1246 1687 ex
1292 1627 1606 1702 Britannia,
1657 1644 1809 1703 quae
1864 1636 2070 1685 contra
2125 1644 2224 1684 eas
2317 1618 2364 1687 ,²

217 1718 476 1794 regiones
503 1717 701 1793 posita
728 1727 833 1789 est,
864 1728 1180 1778 arcessunt.
2147 1731 2209 1754 Σ
2232 1706 2313 1782 ‘ss

292 1811 363 1867 X.
408 1810 595 1868 Erant
629 1808 738 1866 bae
774 1807 1141 1868 difficultates
1182 1809 1317 1868 belli
1349 1807 1610 1885 gerendi,
1641 1827 1785 1883 quas
1815 1826 1988 1883 supra
2029 1816 2222 1866 osten·

218 1901 422 1974 dimuS,
452 1899 563 1960 sed
593 1900 775 1958 multa
804 1900 1115 1959 Caesarem
1159 1910 1355 1958 tamen
1390 1899 1465 1958 ad
1508 1899 1570 1957 id
1610 1899 1824 1958 bellurn
1868 1899 2222 1957 incitabant:

219 1993 449 2052 iniuriae
490 2002 851 2052 retentorum
892 1991 1153 2068 equitum
1186 1993 1608 2061 Romanorum,
1637 1989 1873 2048 rebellio
1901 1988 2054 2047 facta
2093 1998 2228 2064 post

219 2083 596 2158 deditionem,
628 2083 881 2143 defectio
912 2082 1059 2142 datis
1088 2081 1408 2156 obsidibus,
1437 2090 1524 2140 tot
1554 2080 1848 2139 civitatum
1885 2079 2225 2152 coniuratio,

220 2177 495 2254 imprimis
523 2196 622 2250 ne,
653 2175 763 2234 hac
792 2185 955 2251 parte
995 2174 1278 2249 neglecta,
1308 2174 1562 2249 reliquae
1605 2172 1872 2231 nationes
1915 2172 2024 2230 sibi
2066 2171 2224 2229 idem
2255 2194 2317 2229 20

218 2269 385 2329 licere
442 2271 869 2330 arbitrarentur.
956 2268 1164 2341 Itaque
1221 2283 1357 2322 cum
1413 2263 1787 2336 intellegeret,
1845 2280 2052 2320 omnes
2106 2261 2224 2320 fere

224 2366 415 2425 Gallos
436 2366 605 2426 novis
627 2364 799 2423 rebus
830 2358 1061 2419 studere
1092 2366 1150 2414 et
1180 2356 1254 2413 ad
1284 2354 1499 2413 bellum
1530 2353 1819 2411 mobiliter
1847 2352 2225 2428 celeriterque
2303 2414 2308 2421 ,

222 2458 469 2532 excitari,
524 2473 732 2516 omnes
777 2461 971 2511 autem
1024 2448 1291 2506 homines
1340 2455 1544 2504 natura
1591 2443 1834 2502 libertati
1886 2442 2118 2502 studere
2169 2453 2228 2501 et

224 2550 629 2609 condicionem
661 2542 945 2605 servitutis
976 2540 1187 2611 odisse,
1211 2538 1546 2613 priusquam
1576 2535 1768 2610 plures
1797 2534 2058 2593 civitates
2086 2552 2226 2592 con-

224 2641 514 2716 spirarent,
546 2636 915 2716 partiendum
945 2631 1053 2691 sibi
1084 2648 1153 2688 ac
1189 2629 1355 2686 latius
1398 2624 1864 2684 distribuendum
1910 2624 2227 2683 exercitum
2255 2636 2316 2690 25

225 2742 670 2901 puggjtdtaque
716 2823 913 2880 Titum
964 2814 1287 2875 Labienum
1347 2809 1600 2883 legatum
1657 2807 1716 2865 in
1774 2807 2077 2876 Treveros,
2128 2806 2229 2881 qui

228 2919 463 2990 proximi
521 2915 740 2975 flumini
801 2912 1014 2970 Rheno
1072 2913 1222 2974 sunt,
1282 2919 1419 2959 cum
1476 2898 1737 2973 equitatu
1793 2897 1982 2955 mittit.
2070 2899 2229 2955 Huic

228 3009 475 3081 mandat,
526 3010 747 3066 Remos
802 3002 1170 3077 reliquosque
1223 2992 1431 3068 Belgas
1483 2988 1656 3047 adeat
1703 2998 1878 3062 atque
1925 2989 1983 3045 in
2028 2988 2228 3046 officio

231 3100 517 3159 contineat
560 3099 1022 3168 Germanosque,
1054 3088 1154 3164 qui
1193 3084 1405 3144 auxilio
1447 3080 1522 3139 ab
1553 3079 1742 3156 Belgis
1772 3077 2026 3136 arcessiti
2047 3078 2226 3137 'dice-
2255 3108 2318 3160 30

230 3187 443 3262 bantur,
474 3190 523 3249 si
564 3206 669 3265 per
710 3186 826 3243 vim
870 3180 1110 3240 navibus
1154 3176 1370 3235 flumen
1415 3172 1653 3231 transire
1696 3178 2002 3238 conentur,
2034 3170 2226 3243 prohi-

232 3277 375 3339 beat.
457 3281 724 3340 Publium
772 3276 1046 3335 Crassum
1095 3288 1228 3328 cum
1276 3264 1614 3325 cohortibus
1665 3261 1994 3338 legionariis
2043 3275 2128 3317 ΧΗ
2173 3272 2231 3314 et

234 3386 436 3447 magno
478 3387 722 3430 numero
766 3366 1053 3441 equitatus
1082 3362 1156 3419 ·in
1193 3357 1562 3435 Aquitaniam
1609 3353 1900 3431 proficisci
1945 3352 2123 3422 iubet,
2153 3366 2229 3406 ne

239 3477 307 3517 ex
356 3462 441 3522 his
495 3459 826 3521 nationibus
882 3454 1090 3515 auxilia
1139 3452 1198 3510 in
1243 3450 1491 3509 Galliam
1549 3447 1847 3504 mittantur
1905 3462 1976 3501 ac
2035 3449 2229 3500 tantae

238 3553 489 3613 nationes
518 3553 959 3625 coniungantur.
1045 3544 1328 3619 Quintum
1351 3537 1638 3597 Titurium
1669 3537 1947 3596 Sabinum
1975 3535 2229 3611 legatum
2258 3553 2318 3605 35

242 3658 366 3700 cum
402 3644 726 3721 legionibus
770 3640 947 3697 tribus
982 3637 1041 3693 in
1069 3632 1360 3704 Venellos,
1392 3628 1769 3689 Curiosolites
1816 3627 2224 3701 Lexoviosque

242 3732 418 3807 mittit,
448 3736 545 3812 qui
589 3751 721 3791 eam
764 3746 1001 3788 manum
1046 3721 1440 3783 distinendam
1470 3728 1648 3776 curet.
1739 3718 2051 3775 Decimum
2086 3718 2225 3775 Bru-

244 3830 357 3881 tum
396 3826 831 3885 adulescentem
876 3817 1043 3875 classi
1093 3813 1447 3885 Gallicisque
1484 3807 1742 3877 navibuS,
1789 3825 1932 3881 quas
1975 3825 2048 3863 ex
2100 3808 2225 3864 Pic-

1276 3928 1301 3975 7
