2796 4207
487 236 610 301 108
663 214 666 217 ’
1131 252 1241 305 DE
1292 252 1547 307 BELLO
1600 252 1950 308 GALL1co

570 416 784 476 inscios
824 414 1313 492 inopinantesque
1350 414 1666 490 Menapios
1707 424 2139 491 oppresserunt,
2182 414 2284 491 qui
2323 412 2402 475 de
2432 417 2582 476 Ger-

571 525 875 566 manorum
917 505 1177 565 discessu
1219 523 1326 582 per
1362 506 1755 581 exploratores
1793 506 2067 565 certiores
2097 506 2234 563 facti
2262 506 2387 565 sine
2415 518 2582 567 metu

571 609 726 657 trans
755 596 1032 656 Rhenum
1074 598 1135 656 in
1172 615 1310 655 suos
1351 596 1512 655 vicos
1553 597 2019 672 remigraverant.
2107 597 2221 655 His
2264 598 2579 659 interfectis

572 689 931 764 navibusque
961 706 1164 748 eorum
1191 688 1512 764 occupatiS‚
1537 688 1874 763 priusquam
1894 706 1967 745 ea
1986 690 2119 763 'pars
2144 690 2577 765 Menapiorum,

520 799 546 853 5
573 798 724 857 quae
773 781 917 839 citra
959 780 1236 839 Rhenum
1282 789 1423 852 erat,
1474 779 1687 839 certior
1737 779 1919 851 fieret,
1967 779 2186 838 flumen
2236 782 2584 840 transierunt

571 881 746 947 atque
789 872 1064 931 omnibus
1105 888 1308 930 eorum
1349 869 1631 930 aedificiis
1672 870 1977 946 occupatis
2022 871 2303 947 reliquam
2354 882 2579 948 partem

573 964 781 1023 hiemis
809 981 872 1022 se
901 981 1104 1022 eorum
1132 964 1320 1039 copiis
1348 963 1631 1021 aluerunt.

652 1056 724 1114 V.
770 1055 886 1113 His
941 1054 1018 1114 de
1067 1055 1238 1113 rebus
1294 1054 1513 1113 Caesar
1566 1053 1779 1112 certior
1832 1053 2018 1111 factus
2074 1063 2133 1111 et
2188 1054 2582 1113 infirmitatem

575 1146 874 1206 Gallorum
916 1147 1147 1219 veritus,
1190 1144 1354 1221 quod
1402 1154 1538 1204 sunt
1578 1145 1639 1201 in
1682 1144 1935 1203 consiliis
1980 1143 2283 1219 capiendis
2332 1145 2582 1205 mobiles

491 1260 550 1296 10
575 1248 634 1297 et
673 1239 845 1297 novis
887 1238 1230 1313 plerumque
1271 1236 1445 1295 rebus
1486 1234 1743 1308 student,
1782 1235 1924 1293 nihil
1966 1235 2053 1293 his
2095 1236 2584 1296 committendum

577 1330 935 1389 existimavit.
1021 1330 1130 1387 Est
1183 1329 1338 1386 enim
1397 1328 1512 1385 hoc
1562 1326 1821 1386 Gallicae
1878 1326 2337 1400 consuetudini8‚
2386 1329 2471 1387 uti
2526 1338 2587 1386 et

575 1422 822 1480 viatores
877 1420 1052 1497 etiam
1111 1420 1320 1478 invitos
1375 1419 1693 1478 consistere
1744 1428 1960 1494 cogant
2010 1428 2086 1490 et,
2139 1418 2283 1494 quid
2338 1420 2586 1495 quisque

577 1531 782 1571 eorum
829 1510 906 1570 de
955 1529 1188 1587 quaque
1230 1528 1291 1567 re
1341 1509 1589 1568 audierit
1636 1519 1737 1568 aut
1784 1511 2142 1586 cognoverit,
2185 1520 2483 1585 quaerant,
2528 1520 2588 1569 et

577 1613 930 1663 mercatores
958 1604 1019 1662 in
1047 1601 1280 1678 oppidis
1307 1601 1511 1677 vulgus
1552 1601 1937 1661 circumsistat
1977 1602 2306 1677 quibusque
2335 1620 2409 1661 ex
2437 1603 2583 1677 regi-

495 1723 553 1775 15
579 1695 789 1755 onibus
844 1694 1078 1752 veniant
1142 1709 1405 1769 quasque
1462 1694 1543 1751 ibi
1596 1711 1688 1752 res
1744 1694 2143 1769 cognoverint,
2211 1694 2584 1769 pronuntiare

579 1796 810 1862 cogant.
897 1785 1012 1844 His
1053 1785 1224 1844 rebus
1264 1793 1442 1860 atque
1492 1782 1885 1844 auditionibus
1930 1786 2183 1861 permoti
2225 1784 2302 1844 de
2344 1785 2585 1842 summis

579 1896 755 1954 saepe
783 1876 957 1936 rebus
985 1876 1226 1935 consilia
1262 1876 1487 1949 ineunt,
1517 1894 1768 1952 quorum
1796 1894 1900 1935 eos
1928 1876 1989 1933 in
2015 1876 2259 1953 vestigio
2286 1876 2585 1951 paenitere

580 1987 824 2029 necesse
859 1978 966 2041 est,
995 1986 1132 2026 cum
1174 1968 1405 2027 incertis
1446 1969 1773 2027 rumoribus
1816 1966 2064 2027 serviant
2106 1978 2165 2027 et
2205 1967 2465 2044 plerique
2508 1967 2587 2025 ad

579 2061 939 2122 voluntatem
967 2059 1171 2119 eorum
1200 2059 1338 2118 ficta
1365 2058 1780 2136 respondeant.

587 2244 800 2298 Caesar
820 2243 1073 2298 marchas
1095 2243 1328 2314 against
1355 2242 1447 2297 the
1472 2243 1791 2306 Germans,·
1829 2241 1953 2312 they
1977 2243 2250 2314 negotiata
2274 2241 2413 2296 with
2440 2241 2583 2296 kim.

497 2401 558 2437 20
663 2377 768 2436 VI.
813 2377 950 2452 Qua
997 2374 1425 2435 consuetudine
1475 2375 1709 2452 cognita
1748 2375 1982 2447 Caesar,
2023 2393 2100 2433 ne
2141 2375 2384 2450 graviori
2428 2375 2587 2434 bello

583 2477 928 2539 occurreret,
972 2468 1268 2537 maturius,
1318 2485 1497 2542 quam
1550 2474 1875 2540 consuerat,
1918 2463 1995 2522 ad
2044 2466 2361 2524 exercitum
2411 2467 2589 2541 profi·

583 2559 834 2617 ciscitur.
923 2559 1016 2618 Eo
1065 2577 1202 2617 cum
1252 2559 1523 2629 venisset,
1568 2575 1655 2628 ea,
1699 2574 1849 2631 quae
1898 2557 2019 2614 fore
2044 2557 2394 2630 suspicatus
2444 2566 2589 2630 erat,

582 2651 738 2710 facta
785 2651 1093 2727 cognovit:
1153 2650 1355 2709 missas
1412 2648 1729 2725 legationes
1784 2647 1859 2706 ab
1914 2647 2205 2706 nonnullis
2261 2648 2590 2707 civitatibus

583 2742 660 2800 ad
711 2743 1038 2802 Germanos
1084 2742 1469 2816 invitatosque
1515 2757 1636 2811 eos,
1682 2737 1767 2796 uti
1809 2738 1884 2796 ab
1933 2738 2148 2797 Rheno
2196 2737 2590 2822 discederent,

499 2864 525 2898 2
534 2863 558 2915 5
584 2835 914 2909 omniaque,
961 2851 1112 2908 quae
1157 2831 1563 2907 postulassent,
1608 2829 1684 2888 ab
1724 2847 1787 2886 se
1828 2829 1951 2887 fore
1993 2838 2210 2903 parata.
2295 2829 2431 2903 Qua
2482 2848 2591 2906 spe

585 2924 826 2984 adducti
853 2923 1134 2982 Germani
1175 2922 1341 2980 latius
1381 2921 1737 2997 vagabantur
1776 2929 1835 2978 et
1876 2920 1935 2978 in
1976 2919 2121 2978 fines
2154 2919 2501 2978 Eburonum
2530 2931 2591 2979 et

586 3015 1046 3085 Condrusorum,
1103 3014 1204 3088 qui
1257 3021 1392 3071 sunt
1432 3013 1817 3070 Treverorum
1872 3011 2129 3084 clienteS,
2182 3022 2589 3086 pervenerant.

588 3105 951 3180 Principibus
980 3103 1202 3163 Galliae
1241 3102 1496 3161 evocatis
1525 3102 1741 3160 Caesar
1768 3119 1854 3172 ea,
1886 3119 2037 3176 quae
2066 3111 2438 3177 cognoverat,
2470 3101 2589 3160 dis—

587 3194 910 3254 simulanda
937 3194 1046 3252 sibi
1073 3193 1418 3252 existimavit
1446 3209 1766 3266 eorumque
1795 3192 2001 3250 animis
2030 3191 2334 3270 permulsis
2364 3202 2424 3252 et
2450 3209 2596 3251 con-

500 3309 560 3360 30
585 3286 822 3346 firmatis
864 3286 1242 3361 equitatuque
1283 3283 1571 3358 imperato
1612 3283 1827 3341 bellum
1869 3301 2006 3341 cum
2041 3283 2349 3343 Germanis
2389 3301 2591 3360 gerere

588 3378 905 3438 constituit.

666 3471 808 3528 VII.
851 3469 944 3526 Re
972 3466 1342 3525 frumentaria
1377 3474 1715 3540 comparata
1756 3464 2167 3541 equitibusque
2208 3464 2453 3524 delectis
2486 3465 2596 3523 iter

588 3561 648 3619 in
701 3578 775 3620 ea
826 3561 957 3618 loca
1005 3560 1194 3616 facere
1252 3557 1466 3632 coepit,
1511 3556 1724 3633 quibus
1772 3555 1829 3614 in
1887 3556 2031 3615 locis
2086 3574 2214 3615 esse
2264 3557 2593 3616 Germanos

589 3649 878 3710 audiebat.
962 3652 1014 3708 A
1063 3650 1272 3724 quibus
1327 3665 1465 3706 cum
1520 3665 1841 3723 paucorum
1900 3647 2127 3706 dierum
2182 3647 2291 3706 iter
2342 3647 2589 3718 abesset,

502 3753 564 3805 35
589 3741 764 3816 legati
803 3741 878 3800 ab
917 3740 1004 3799 his
1037 3748 1334 3811 venerunt,
1367 3756 1617 3813 quorum
1661 3739 1805 3798 haec
1848 3739 1953 3796 fuit
1995 3739 2216 3797 oratio:
2264 3739 2594 3797 Germanos

591 3849 784 3906 neque
827 3832 1046 3906 priores
1089 3829 1306 3905 populo
1342 3831 1617 3888 Romano
1660 3829 1874 3888 bellum
1917 3829 2143 3901 inferre,
2174 3833 2367 3903 neque
2397 3839 2592 3888 tamen
