2796 4207
800 247 942 301 LIB.
983 248 1084 301 vl.
1128 247 1295 301 CAP.
1337 247 1791 301 xxxvn-XL.
2226 233 2350 299 167

245 421 405 470 nent.
495 410 796 486 Relinquit
834 410 1061 467 animus
1100 409 1359 469 Sextium
1401 410 1667 485 gravibus
1710 410 1969 485 acceptis
2008 409 2254 469 vulneri·

244 504 394 575 bus;
446 519 619 577 aegre
659 519 765 578 per
805 519 1013 560 manus
1054 509 1268 559 tractus
1310 511 1581 559 servatur.
1669 502 1808 559 Hoc
1850 500 2039 577 spatio
2081 501 2253 561 inter-

240 594 441 669 posito
496 593 701 668 reliqui
750 610 878 651 sese
926 591 1275 650 confirmant
1322 601 1565 662 tantum,
1617 602 1680 650 ut
1728 592 1788 650 in
1839 592 2256 651 munitionibus

241 684 567 741 consistere
596 682 853 741 audeant
878 683 1256 759 speciemque
1286 681 1660 741 defensorum
1689 682 2025 758 praebeant.

322 774 605 833 XXXIX.
651 774 890 831 Interim
956 774 1228 833 confecta
1287 773 1735 833 frumentatione
1797 773 2006 831 milites
2069 776 2251 833 nostri
2287 789 2314 840 5

238 864 564 922 clamorem
602 863 957 938 exaudiunt,
999 874 1377 940 praecurrunt
1410 864 1675 940 equites;
1718 874 1938 939 quanto
1965 881 2058 922 res
2087 864 2162 922 sit
2188 865 2248 923 in

237 955 523 1031 pericu10,
554 965 935 1031 cognoscunt.
1021 956 1143 1013 Hic
1172 972 1312 1014 vero
1345 956 1502 1013 nulla
1529 955 1775 1013 munitio
1804 963 1910 1025 est,
1940 972 2092 1030 quae
2121 972 2247 1031 per-

236 1046 471 1104 territos
518 1046 796 1121 recipiat:
857 1045 1039 1105 modo
1088 1047 1404 1121 conscripti
1449 1055 1623 1122 atque
1667 1064 1804 1104 usus
1845 1045 2100 1104 militaris
2143 1047 2248 1104 im·

142 1164 147 1169 ·
237 1136 414 1212 periti
447 1135 525 1194 ad
558 1136 854 1195 tribunum
896 1136 1143 1194 militum
1186 1137 1676 1212 centurionesque
1717 1154 1820 1195 ora
1859 1146 2248 1209 convertunt;

239 1226 389 1303 quid
418 1228 495 1286 ab
528 1227 617 1285 his
656 1226 1063 1304 praecipiatur,
1101 1236 1460 1303 exspectant.
1546 1228 1746 1286 Nemo
1788 1236 1877 1286 est
1917 1237 2036 1286 tarn
2071 1227 2249 1299 fortis,
2284 1250 2341 1287 10

238 1318 387 1395 quin
416 1318 499 1376 rei
527 1318 783 1376 novitate
824 1317 1206 1394 perturbetur.
1291 1317 1527 1377 Barbari
1569 1319 1734 1393 signa
1772 1317 1977 1396 procul
2017 1319 2247 1394 conspi-

236 1410 361 1469 cati
413 1408 853 1485 oppugnatione
909 1408 1231 1480 desistunt3
1303 1408 1523 1467 redisse
1577 1409 1769 1485 primo
1825 1409 2081 1486 legiones
2131 1428 2250 1468 cre-

236 1500 410 1575 dunt,
466 1518 612 1577 quas
683 1500 912 1575 longius
967 1498 1302 1559 discessisse
1359 1518 1434 1558 ex
1502 1500 1744 1576 captivis
1812 1511 2248 1577 cognoverant,

235 1602 451 1671 postea
508 1592 790 1670 despecta
846 1593 1135 1670 paucitate
1194 1612 1267 1652 ex
1325 1594 1598 1653 omnibus
1656 1594 1914 1669 partibus
1965 1595 2247 1671 impetum

236 1685 479 1745 faciunt.
2281 1714 2299 1748 ι
2310 1712 2338 1765 5

301 1776 447 1845 XL.
490 1776 745 1837 Calones
792 1777 854 1835 in
900 1776 1233 1853 proximum
1279 1776 1566 1835 tumulum
1613 1787 1976 1853 procurrunt.
2082 1778 2245 1836 Hinc

236 1868 504 1943 celeriter
550 1866 765 1927 deiecti
818 1886 881 1927 se
937 1868 997 1926 in
1052 1868 1216 1943 signa
1269 1867 1717 1944 manipulosque
1772 1869 2077 1929 coniciunt
2094 1891 2113 1944 ;
2172 1888 2248 1930 eo

235 1960 425 2038 magis
452 1959 688 2020 timidos
720 1969 1043 2035 perterrent
1070 1959 1297 2020 milites,
1383 1958 1514 2031 Alii,
1545 1978 1737 2019 cuneo
1766 1960 1923 2020 facto
1951 1971 2017 2020 ut
2043 1962 2242 2021 celeri·

235 2062 327 2112 ter
352 2060 747 2129 perrumpant,
778 2059 1038 2122 censent,
1068 2051 1347 2127 quoniam
1376 2058 1498 2110 tam
1525 2051 1857 2129 propinqua
1889 2052 2006 2112 sint
2037 2062 2243 2126 castra,

235 2153 299 2204 et
341 2145 391 2202 si
436 2161 568 2219 pars
616 2143 809 2218 aliqua
857 2143 1254 2201 circumventa
1297 2141 1593 2214 ceciderit,
1636 2153 1697 2201 at
1735 2143 1989 2220 reliquos
2035 2147 2246 2205 servari
2274 2173 2338 2210 20

233 2252 413 2310 posse
459 2231 803 2306 confidunt3
861 2233 972 2304 alii,
1016 2243 1080 2291 ut
1122 2233 1179 2290 in
1222 2232 1359 2308 iugo
1403 2232 1721 2293 consistant
1760 2244 1938 2312 atque
1983 2236 2241 2295 eundern

234 2343 447 2384 omnes
475 2323 660 2382 ferant
687 2342 908 2382 casum.
984 2325 1123 2382 Hoc
1152 2332 1376 2381 veteres
1405 2342 1525 2382 non
1553 2324 1805 2400 probant
1831 2327 2060 2399 militeS,
2090 2345 2239 2403 quos

236 2417 347 2476 sub
394 2414 605 2474 vexillo
654 2432 772 2473 una
819 2414 1113 2490 profectos
1158 2413 1486 2473 docuimus
1573 2416 1780 2491 Itaque
1829 2417 1978 2475 inter
2026 2435 2090 2476 se
2139 2435 2237 2476 co-

234 2507 452 2566 hortati
497 2505 650 2565 duce
700 2506 851 2565 Gaio
892 2506 1209 2577 Trebonio,
1253 2505 1451 2580 equite
1501 2505 1794 2578 Romano,
1846 2507 1947 2582 qui
1991 2507 2074 2568 eis
2123 2519 2245 2566 erat

234 2599 621 2676 praeposituS,
650 2616 756 2674 per
784 2598 1011 2658 medios
1040 2598 1237 2657 hostes
1275 2609 1661 2674 perrumpunt
1698 2600 2140 2677 incolumesque
2168 2600 2246 2660 ad
2275 2621 2300 2654 2
2308 2618 2334 2671 5

234 2708 423 2750 unum
465 2707 671 2748 ornnes
705 2690 765 2747 in
806 2701 994 2748 castra
1034 2690 1393 2766 perveniunt.
1481 2691 1614 2749 Hos
1663 2691 1957 2750 subsecuti
2007 2692 2243 2751 calones

236 2781 583 2858 equitesque
620 2779 835 2840 eodem
877 2780 1096 2856 impetu
1142 2780 1387 2838 rnilitum
1417 2781 1624 2838 virtute
1667 2792 1982 2840 servantur.
2072 2785 2150 2842 At
2185 2784 2240 2857 ii,

237 2873 339 2949 qui
372 2872 433 2931 in
471 2872 609 2947 iugo
650 2871 1046 2943 constiterant,
1090 2871 1247 2929 nullo
1289 2872 1465 2929 etiam
1508 2889 1666 2929 nunc
1709 2891 1817 2930 usu
1858 2874 1942 2932 rei
1984 2873 2242 2932 militaris

238 2971 541 3040 percept0,
583 2979 776 3037 neque
824 2962 883 3020 in
926 2979 1018 3033 e0,
1062 2960 1227 3037 quod
1274 2961 1679 3038 probaverant,
1723 2964 1968 3022 consilio
2014 2983 2239 3040 perma-

237 3071 397 3126 nere,
444 3062 511 3110 ut
557 3071 619 3110 se
664 3053 797 3110 loco
847 3053 1141 3127 superiore
1190 3052 1593 3124 defenderent,
1639 3071 1831 3129 neque
1875 3073 2023 3127 eam,
2067 3075 2241 3132 quam
2271 3079 2334 3130 30

235 3143 520 3222 prodesse
548 3143 670 3201 aliis
699 3143 815 3200 vim
848 3143 1321 3219 celeritatemque
1350 3143 1630 3216 viderant,
1661 3144 1870 3203 imitari
1907 3156 2241 3221 potuerunt,

234 3233 345 3294 sed
368 3252 431 3293 se
455 3234 515 3291 in
536 3243 723 3291 castra
742 3233 1001 3309 recipere
1030 3235 1226 3292 conati
1253 3235 1518 3310 iniquum
1548 3235 1607 3292 in
1636 3235 1833 3293 locum
1863 3233 2239 3296 demiserunt.

236 3324 648 3395 CenturioneS,
679 3341 926 3398 quorum
964 3324 1229 3382 nonnulli
1262 3342 1335 3382 ex
1374 3324 1736 3384 inferioribus
1780 3325 2080 3385 ordinibus
2122 3326 2246 3385 reli-

235 3433 485 3493 quarum
526 3414 823 3489 legionum
862 3414 1081 3472 virtutis
1123 3432 1300 3473 causa
1336 3415 1396 3472 in
1435 3415 1760 3490 superiores
1802 3426 1966 3474 erant
2007 3416 2244 3476 ordines

235 3507 408 3566 huius
450 3505 696 3581 legionis
736 3504 1003 3577 traducti,
1037 3522 1114 3563 ne
1152 3514 1288 3563 ante
1325 3515 1551 3580 partam
1584 3507 1668 3564 rei
1709 3507 1963 3566 militaris
2006 3507 2240 3566 laudem
2273 3521 2335 3574 35

236 3599 590 3668 amitterent,
619 3595 928 3654 fortissime
957 3606 1281 3672 pugnantes
1311 3595 1715 3655 conciderunt.
1801 3598 2054 3657 Militum
2089 3615 2242 3674 pars,

235 3690 449 3750 horum
474 3687 685 3746 virtute
728 3686 1032 3745 summotis
1074 3686 1354 3757 hostibuS,
1385 3695 1615 3760 praeter
1651 3705 1818 3763 spem
1849 3689 2155 3748 incolumis
2183 3689 2244 3746 in

236 3790 425 3841 castra
452 3778 734 3855 pervenit,
763 3793 896 3850 pars
924 3794 961 3835 a
985 3776 1239 3836 barbaris
1268 3777 1666 3836 circumventa
1692 3777 1877 3854 periit.
