2796 4207
817 276 959 333 ΜΒ.
1000 278 1141 331 v11.
1188 278 1354 332 cAP.
1398 275 1953 331 Lxxv-Lxxvu.
2287 257 2415 322 205

311 445 541 505 bantur.
630 442 909 503 Commio
951 440 1230 513 Atrebati,
1270 440 1638 499 Viridomaro
1681 451 1739 498 et
1784 438 2170 515 Eporedorigi
2209 440 2323 497 Ae-

312 537 463 609 duis,
506 536 1047 596 Vercassivellauno
1092 538 1371 607 Arverno,
1416 534 1772 593 consobrino
1813 533 2319 609 VercingetorigiS,

207 677 215 685 .
308 646 543 689 summa
585 628 811 705 imperii
853 626 1110 686 traditur.
1200 626 1313 683 His
1356 624 1572 683 delecti
1611 642 1684 683 ex
1721 623 2047 683 civitatibus
2087 623 2323 682 attribu-

308 729 504 792 untur,
525 738 772 795 quorum
794 719 1038 777 consilio
1057 717 1274 776 bellum
1292 715 1800 774 administraretur.
1863 714 2088 775 Omnes
2107 713 2324 771 alacres

310 821 371 870 et
389 810 642 869 fiduciae
665 810 823 885 pleni
844 810 922 869 ad
939 810 1193 868 Alesiam
1214 807 1680 885 proficiscuntur,
1700 823 1895 881 neque
1920 813 2044 863 erat
2064 804 2326 862 omnium
2355 821 2381 874 5

308 903 641 978 quisquam,
678 903 777 976 qui
816 912 1120 977 aspectum
1161 901 1345 960 modo
1389 911 1584 959 tantae
1629 896 2013 957 multitudinis
2057 896 2323 955 sustineri

307 1010 486 1067 posse
514 992 900 1064 arbitraretur,
925 994 1261 1069 praesertim
1291 993 1532 1069 ancipiti
1560 992 1803 1069 proeli0‚
1831 1008 1968 1048 curn
1997 1006 2071 1045 ex
2099 985 2324 1062 oppido

308 1083 620 1158 eruptione
650 1094 1021 1159 pugnaretur,
1052 1084 1187 1142 foris
1214 1094 1412 1141 tantae
1443 1084 1651 1159 copiae
1679 1083 1968 1160 equitatus
2005 1078 2321 1154 peditatus-

313 1191 434 1248 que
465 1178 856 1231 cernerentur.

398 1264 698 1322 LXXVII.
743 1265 818 1321 At
858 1263 916 1336 ii,
960 1263 1062 1339 qui
1104 1264 1329 1323 Alesiae
1372 1264 1810 1337 obsidebantur,
1855 1264 2165 1341 praeterita
2206 1262 2320 1333 die,
2356 1282 2412 1317 10

309 1373 431 1431 qua
452 1356 662 1413 auxilia
683 1373 921 1414 suorum
943 1365 1438 1432 exspectaverant,
1465 1366 1817 1431 consumpto
1848 1356 2009 1416 omni
2031 1355 2322 1415 frumento

308 1446 499 1517 inscii,
529 1445 673 1521 quid
702 1447 761 1504 in
789 1446 1010 1505 Aeduis
1038 1456 1347 1521 gereretur,
1372 1446 1626 1506 concilio
1656 1456 1866 1505 coacto
1896 1446 1973 1505 de
2005 1446 2164 1505 exitu
2193 1464 2320 1505 sua-

309 1556 444 1596 rum
492 1537 853 1595 fortunarum
910 1538 1332 1598 consultabant.
1419 1540 1508 1596 Ac
1557 1539 1724 1597 variis
1780 1538 1950 1597 dictis
2005 1538 2324 1605 sententiiS‚

312 1646 560 1703 quarum
592 1646 723 1702 pars
752 1627 1133 1701 deditionem,
1156 1646 1309 1705 parS,
1334 1628 1476 1687 dum
1507 1630 1655 1687 vires
1684 1638 2080 1704 suppeterent,
2111 1628 2322 1703 erupti-

312 1737 497 1777 onem
539 1718 835 1789 censebat,
880 1737 1001 1777 non
1041 1719 1468 1795 praetereunda
1509 1721 1694 1778 oratio
1739 1720 2062 1795 Critognati
2095 1717 2326 1776 videtur
2353 1743 2412 1795 15

310 1819 557 1887 propter
611 1810 733 1867 eius
788 1810 1135 1886 singularem
1192 1820 1253 1869 et
1307 1812 1585 1869 nefariam
1643 1811 2067 1869 crudelitatem.
2181 1809 2322 1881 Hie,

313 1919 549 1959 summo
580 1900 639 1958 in
668 1902 937 1959 Arvernis
964 1911 1123 1959 ortus
1152 1901 1284 1959 loco
1314 1912 1374 1960 et
1401 1921 1646 1977 magnae
1685 1902 1912 1961 habitus
1949 1901 2324 1973 auctoritatis,

314 1994 333 2023 ‘
356 1991 557 2061 Nihil‚’
581 1992 787 2067 inquit,
812 1995 828 2021 ‘
845 1991 920 2050 de
943 2010 1145 2051 eorum
1169 1994 1458 2051 sententia
1487 1992 1746 2052 dicturus
1767 2012 1914 2065 sum,
1939 1993 2041 2068 qui
2070 1992 2323 2067 turpissi-

314 2101 476 2142 mam
515 2083 848 2142 servitutem
886 2082 1201 2144 deditionis
1236 2084 1476 2144 nomine
1519 2085 1830 2160 appellant,
1860 2102 2056 2161 neque
2087 2084 2194 2144 hos
2223 2084 2320 2144 ha-

314 2173 549 2234 bendos
578 2175 793 2233 civium
820 2175 954 2234 loco
982 2193 1176 2251 neque
1204 2175 1282 2234 ad
1315 2176 1632 2235 concilium
1673 2176 2044 2236 adhibendos
2087 2195 2320 2236 censeo.
2355 2193 2414 2228 20

316 2266 476 2325 Cum
519 2265 606 2324 his
650 2265 790 2323 mihi
831 2278 922 2324 re's
964 2266 1053 2338 sit,
1094 2266 1196 2341 qui
1236 2267 1607 2342 eruptionem
1648 2268 1938 2342 probant3
1982 2285 2234 2343 quorum
2265 2267 2322 2325 in

317 2356 564 2414 consilio
593 2357 857 2415 omnium
884 2366 1141 2416 vestrum
1183 2375 1476 2417 consensu
1519 2359 1794 2434 pristinae
1823 2357 2076 2417 residere
2105 2358 2324 2417 virtutis

316 2447 605 2505 memoria
632 2446 874 2506 videtur.
959 2448 1153 2506 Animi
1194 2458 1285 2507 est
1326 2449 1435 2508 ista
1477 2449 1734 2520 mollitia,
1778 2468 1900 2508 non
1941 2449 2137 2522 virtus,
2180 2467 2321 2525 pau-

316 2539 497 2614 lisper
529 2539 788 2614 inopiam
816 2539 961 2598 ferre
1000 2558 1123 2598 non
1162 2557 1355 2616 posse.
1442 2540 1562 2616 Qui
1590 2559 1652 2600 se
1683 2541 1831 2600 ultro
1861 2541 2033 2600 morti
2060 2540 2322 2610 offerant,

318 2629 543 2688 facilius
576 2630 954 2705 reperiuntur,
984 2648 1162 2706 quam
1191 2631 1290 2706 qui
1320 2630 1588 2690 dolorem
1625 2632 1914 2708 patienter
1938 2633 2140 2690 ferant.
2224 2633 2323 2689 At-
2356 2650 2416 2703 25

318 2738 437 2797 que
467 2738 579 2795 ego
610 2719 762 2778 hanc
791 2721 1139 2780 sententiam
1166 2723 1478 2798 probarem
1502 2721 1753 2800 (tantum
1774 2722 1934 2798 apud
1957 2741 2051 2781 me
2075 2721 2326 2797 dignitas

316 2809 573 2888 potest),
617 2810 666 2869 si
706 2812 921 2870 nullam
962 2823 1369 2888 praeterquam
1410 2815 1564 2872 vitae
1606 2824 1837 2874 nostrae
1880 2815 2160 2871 iacturam
2202 2813 2325 2871 fieri

316 2901 581 2960 viderem
604 2923 619 2973 3
664 2901 769 2960 sed
800 2903 859 2959 in
889 2903 1131 2962 consilio
1175 2903 1468 2979 capiendo
1509 2923 1748 2964 omnem
1780 2905 2027 2964 Galliam
2055 2903 2324 2978 respicia-

318 3011 469 3062 mus,
500 3010 678 3068 quam
706 2992 785 3051 ad
812 3003 1075 3052 nostrum
1104 2995 1379 3054 auxilium
1409 2996 1848 3054 concitavimus,
1934 2994 2096 3070 Quid
2138 2994 2323 3060 homi-

316 3101 462 3142 num
506 3083 735 3142 milibus
778 3101 943 3142 Lxxx
983 3103 1103 3144 uno
1150 3086 1283 3145 loco
1331 3087 1644 3145 interfectis
1690 3086 2032 3162 propinquis
2080 3103 2326 3144 consan-
2356 3095 2418 3146 30

316 3173 665 3250 guineisque
710 3175 921 3233 nostris
965 3175 1144 3234 animi
1191 3177 1314 3234 fore
1363 3177 1719 3248 existimatiS,
1763 3178 1810 3235 si
1854 3195 2043 3251 paene
2086 3176 2146 3234 in
2189 3175 2327 3251 ipsis

318 3263 701 3324 cadaveribus
743 3265 967 3340 proelio
1010 3266 1310 3326 decertare
1351 3269 1678 3342 cogentur?
1760 3267 1956 3326 Nolite
1999 3266 2106 3326 hos
2135 3275 2327 3325 vestro

319 3356 534 3414 auxilio
574 3355 915 3430 exspoliare,
946 3357 1047 3432 qui
1076 3367 1295 3417 vestrae
1338 3358 1533 3416 salutis
1576 3376 1752 3416 causa
1793 3377 1962 3416 suum
2004 3357 2327 3432 periculum

321 3450 721 3526 neglexerunt,
746 3469 857 3509 nec
889 3452 1125 3511 stultitia
1151 3471 1221 3510 ac
1249 3453 1571 3511 temeritate
1594 3462 1782 3511 vestra
1810 3462 1910 3510 aut
1938 3452 2115 3510 animi
2143 3450 2324 3509 imbe-

322 3540 556 3599 cillitate
606 3559 849 3600 omnem
892 3543 1140 3602 Galliam
1189 3554 1552 3618 prosternere
1602 3551 1662 3601 et
1705 3551 2024 3618 perpetuae
2072 3540 2328 3600 servituti
2357 3561 2416 3614 35

322 3631 609 3690 subicere.
693 3634 807 3705 An,
836 3633 1000 3709 quod
1042 3633 1119 3692 ad
1162 3633 1321 3692 diem
1362 3651 1486 3693 non
1512 3643 1812 3704 venerunt,
1853 3632 1929 3691 de
1972 3651 2174 3692 eorum
2208 3629 2327 3689 fide

322 3724 771 3800 constantiaque
800 3723 1075 3784 dubitatis
1090 3727 1119 3783 Ρ
1196 3723 1354 3798 Quid
1384 3742 1522 3799 ergo
1537 3725 1565 3782 P
1632 3725 1937 3783 Romanos
1965 3724 2026 3782 in
2052 3724 2156 3782 illis
2185 3723 2327 3780 ulte-

320 3814 573 3874 rioribus
614 3813 1031 3874 munitionibus
1060 3814 1313 3874 animine
1343 3832 1520 3873 causa
1548 3812 1763 3872 cotidie
1794 3814 2048 3872 exerceri
2075 3811 2332 3889 putatis?
