2796 4207
464 216 591 281 190
1112 228 1223 284 DE
1274 227 1529 284 BELLO
1581 226 1928 285 GALLlco

558 510 769 565 Caesar
792 514 1005 563 storum
1036 506 1330 579 Gerga-miz,
1356 504 1831 577 unsuccesfilljoe
1865 504 1936 560 lec
1959 504 2256 561 addresses
2281 504 2380 561 his
2407 524 2586 578 army

696 587 823 644 and
836 588 1020 643 melus
1040 586 1135 643 the
1154 588 1317 658 siege,
1344 601 1536 641 moves
1563 584 1658 639 leis
1679 588 1846 657 camp
1867 602 2080 659 among
2097 585 2190 641 the
2213 586 2271 641 A
2277 587 2429 643 edaci.

636 730 853 793 XLIV.
898 730 1069 789 Haec
1110 728 1389 805 cogitanti
1430 726 1699 787 accidere
1727 728 1850 787 visa
1889 737 1976 789 est
2015 729 2259 789 facultas
2299 730 2460 789 bene
2497 732 2586 790 rei

556 822 868 903 gerendae.
954 821 1113 879 Nam
1153 838 1289 879 cum
1332 820 1393 877 in
1441 820 1668 879 minora
1713 830 1901 879 castra
1942 822 2135 897 operis
2175 822 2585 898 perspiciendi

557 932 735 975 causa
760 912 1030 985 venisset,
1067 908 1472 969 animadvertit
1503 910 1734 983 collem,
1763 911 1866 987 qui
1906 912 1982 971 ab
2025 910 2288 971 hostibus
2331 912 2582 971 teneba-

558 1018 665 1081 tur,
715 1004 1000 1065 nudatum
1050 1002 1404 1073 hominibus,
1453 1002 1553 1078 qui
1601 1002 1989 1079 superioribus
2038 1003 2245 1061 diebus
2293 1003 2390 1061 vix
2433 1022 2585 1081 prae

506 1116 533 1169 5
560 1094 927 1157 multitudine
977 1094 1139 1153 cerni
1194 1102 1440 1169 poterat.
1525 1090 1855 1151 Admiratus
1911 1093 2135 1169 quaerit
2189 1112 2264 1151 ex
2317 1095 2588 1171 perfugis

560 1206 815 1259 causam,
859 1203 1107 1263 quorum
1151 1202 1395 1261 magnus
1437 1182 1515 1241 ad
1555 1200 1693 1242 eum
1734 1182 1951 1243 cotidie
1993 1202 2270 1243 numerus
2315 1184 2588 1244 conflue-

560 1282 678 1341 bat.
761 1276 1085 1339 Constabat
1124 1276 1271 1335 inter
1310 1292 1536 1345 omneS,
1564 1272 1730 1351 quod
1769 1274 1888 1333 iam
1929 1275 2052 1350 ipse
2083 1275 2299 1335 Caesar
2339 1294 2449 1353 per
2487 1294 2592 1335 ex·

560 1372 879 1449 ploratores
920 1376 1292 1444 cognoverat,
1321 1365 1562 1425 dorsum
1603 1384 1731 1425 esse
1760 1366 1884 1425 eius
1913 1366 2030 1441 iugi
2070 1384 2256 1442 prope
2296 1384 2586 1443 aequum,

562 1461 669 1523 sed
698 1461 855 1522 hunc
878 1460 1193 1519 silvestrem
1223 1466 1283 1517 et
1322 1466 1651 1533 angustum,
1681 1475 1799 1534 qua
1825 1466 1980 1516 esset
2013 1456 2202 1515 aditus
2231 1457 2308 1516 ad
2337 1457 2588 1517 alteram

482 1574 538 1611 10
563 1563 787 1632 partem
829 1550 1075 1628 oppidi;
1116 1548 1495 1609 vehementer
1535 1548 1671 1607 huic
1713 1548 1839 1607 illos
1879 1548 2013 1607 loco
2053 1548 2275 1621 timere,
2304 1567 2420 1608 nec
2465 1550 2588 1609 iam

564 1646 727 1706 aliter
774 1643 1004 1716 sentire,
1052 1658 1171 1699 uno
1219 1640 1367 1699 colle
1417 1639 1492 1698 ab
1543 1640 1825 1699 Romanis
1871 1649 2184 1715 occupat0,
2233 1640 2282 1699 si
2329 1641 2588 1701 alterum

564 1736 908 1806 amisissent,
954 1733 1096 1809 quin
1143 1748 1335 1808 paene
1389 1730 1802 1790 circumvallati
1853 1741 2028 1807 atque
2083 1732 2250 1791 omni
2303 1732 2468 1792 exitu
2527 1746 2590 1793 et

566 1829 937 1907 pabulatione
981 1825 1272 1886 interclusi
1300 1824 1669 1885 viderentur:
1714 1823 1791 1884 ad
1833 1824 1992 1885 hunc
2020 1824 2410 1885 muniendum
2451 1845 2586 1887 om·

565 1938 671 1981 nes
698 1939 735 1979 a
759 1917 1235 1995 Vercingetorige
1262 1926 1557 1977 evocatos.

485 2042 541 2095 ¹5
646 2010 823 2072 XLV.
870 2012 1007 2069 Hac
1055 2026 1117 2067 re
1161 2009 1397 2085 cognita
1446 2008 1662 2069 Caesar
1710 2008 1885 2068 mittit
1931 2008 2264 2085 complures
2315 2011 2586 2088 equitum

568 2114 823 2177 turmas3
864 2102 949 2161 eis
990 2099 1067 2160 de
1108 2097 1307 2160 media
1338 2111 1514 2160 nocte
1555 2100 1819 2178 imperat,
1849 2111 1914 2160 ut
1953 2099 2130 2176 paulo
2172 2101 2588 2163 tumultuosius

568 2195 841 2257 omnibus
887 2194 1029 2253 locis
1077 2202 1434 2270 vagarentur.
1521 2193 1710 2251 Prima
1756 2192 1886 2251 luce
1939 2211 2214 2270 magnum
2272 2211 2588 2256 numerum

568 2285 1119 2365 impedimentorum
1158 2302 1235 2344 ex
1280 2284 1480 2343 castris
1522 2283 1927 2360 mulorumque
1964 2282 2214 2360 produci
2255 2285 2454 2363 deque
2499 2287 2588 2346 his

568 2387 883 2440 stramenta
918 2375 1143 2437 detrahi
1184 2374 1587 2452 mulionesque
1616 2393 1753 2434 cum
1793 2374 2114 2434 cassidibus
2157 2377 2425 2452 equitum
2453 2395 2583 2456 spe·

482 2491 545 2530 ao
569 2471 659 2530 cie
703 2487 777 2528 ac
823 2467 1188 2529 simulatione
1237 2466 1482 2526 collibus
1528 2466 1886 2526 circumvehi
1934 2466 2111 2526 iubet.
2197 2467 2312 2528 His
2359 2486 2586 2545 paucos

569 2559 738 2622 addit
804 2560 1045 2637 equites,
1115 2557 1216 2635 qui
1282 2557 1451 2616 latius
1517 2557 1920 2618 ostentationis
1987 2575 2166 2618 causa
2221 2572 2582 2638 vagarentur.

572 2653 781 2729 Longo
808 2650 1050 2710 circuitu
1093 2647 1333 2708 easdem
1360 2666 1567 2708 omnes
1607 2648 1769 2708 iubet
1795 2658 1994 2726 petere
2033 2650 2324 2728 regiones·
2415 2654 2585 2714 Haec

569 2743 775 2820 procul
823 2760 897 2801 ex
944 2740 1169 2818 oppido
1206 2739 1570 2812 videbantur,
1600 2749 1663 2799 ut
1702 2749 1824 2800 erat
1866 2759 1903 2800 a
1930 2741 2223 2820 Gergovia
2267 2741 2584 2822 despectus

569 2836 631 2894 in
660 2843 861 2907 castra,
890 2850 1082 2908 neque
1119 2841 1283 2890 tanto
1310 2831 1519 2908 spatie,
1549 2830 1690 2889 certi
1717 2829 1861 2908 quid
1898 2843 2070 2906 esset,
2101 2834 2390 2911 explorari
2418 2849 2579 2914 pote-

482 2942 509 2978 2
516 2942 542 2995 5
566 2934 670 2984 rat.
745 2925 1064 3002 Legionem
1085 2940 1263 2980 unam
1284 2920 1502 2981 eodem
1522 2921 1661 2998 iugo
1683 2923 1856 2983 mittit
1875 2933 1935 2983 et
1953 2927 2195 3002 paulum
2216 2948 2581 3008 progressam

569 3016 834 3076 inferiore
856 3013 1155 3074 constituit
1173 3013 1307 3072 loco
1335 3011 1603 3089 silvisque
1625 3014 1898 3074 occultat.
1971 3019 2230 3096 Augetur
2257 3022 2442 3083 Gallis
2461 3043 2580 3084 sus-

569 3107 728 3184 picio
746 3116 922 3182 atque
940 3122 1147 3164 omnes
1167 3103 1266 3163 illo
1287 3103 1678 3165 munitionum
1695 3107 1905 3184 copiae
1925 3109 2322 3172 traducuntur.
2382 3115 2580 3175 Vacua

569 3209 758 3257 castra
796 3196 1050 3256 hostium
1100 3195 1317 3256 Caesar
1357 3196 1729 3273 conspicatus
1773 3201 1940 3260 tectis
1983 3201 2302 3279 insignibus
2345 3225 2578 3268 suorum

570 3289 990 3364 occultatisque
1034 3285 1211 3363 signis
1260 3287 1596 3348 militaribus
1643 3307 1801 3350 raros
1849 3292 2076 3364 militeS,
2120 3311 2197 3354 ne
2239 3314 2314 3355 ex
2359 3299 2578 3375 oppido

483 3404 545 3456 30
568 3378 1180 3452 animadverterentur,
1230 3395 1303 3437 ex
1351 3377 1664 3440 maioribus
1715 3383 1912 3442 castris
1956 3383 2016 3442 in
2061 3385 2290 3446 minora
2333 3389 2576 3450 traducit

568 3472 907 3548 legatisque,
957 3489 1105 3548 quos
1160 3470 1395 3548 singulis
1449 3470 1774 3548 legionibus
1827 3474 2201 3550 praefecerat,
2259 3479 2405 3556 quid
2459 3481 2574 3541 fieri

568 3563 723 3634 velit,
778 3561 1073 3634 ostendit;
1130 3561 1410 3640 imprimis
1457 3572 1678 3637 monet,
1726 3573 1795 3624 ut
1833 3566 2172 3628 contineant
2226 3570 2454 3644 militeS,
2501 3592 2572 3634 ne

571 3651 767 3709 studio
822 3651 1121 3724 pugnandi
1183 3662 1284 3710 aut
1336 3669 1442 3727 spe
1497 3653 1748 3728 praedae
1817 3654 2044 3732 longius
2098 3661 2568 3738 progrediantur3

576 3737 719 3810 quid
762 3737 1033 3808 iniquitas
1078 3738 1193 3795 loci
1241 3739 1452 3798 habeat
1499 3741 1879 3815 incommodi,
1930 3751 2243 3823 proponit;
2304 3752 2419 3810 hoc
2467 3773 2569 3812 una

2727 2321 2732 2436 4Ι

2725 2441 2730 2570 ¹

2725 2649 2727 2735 1
