2796 4207
487 246 612 309 156
1154 257 1262 312 DE
1316 256 1570 311 BELLO
1625 258 1972 311 GALLICO

649 423 827 482 XIII.
874 422 945 480 In
974 421 1136 479 omni
1164 420 1353 480 Gallia
1379 437 1580 478 eorum
1612 418 1935 492 hominum,
1959 421 2060 496 qui
2088 420 2283 497 aliquo
2314 433 2449 481 sunt
2477 442 2582 483 nu-

570 530 733 572 mero
776 522 950 588 atque
994 511 1235 581 honore,
1279 528 1496 586 genera
1536 520 1669 569 sunt
1709 509 1849 569 duo.
1938 511 2093 570 Nam
2137 512 2341 588 plebes
2385 531 2577 590 paene

570 620 866 663 servorum
895 602 1138 660 habetur
1165 602 1318 672 loco,
1348 618 1499 675 quae
1527 600 1671 658 nihil
1697 601 1875 659 audet
1903 619 2010 677 per
2037 620 2119 674 se,
2150 604 2310 662 nullo
2338 603 2580 664 adhibe-

569 704 662 753 tur
690 694 953 752 consilio.
1044 692 1325 768 Plerique,
1356 710 1496 749 cum
1525 700 1625 749 aut
1651 709 1785 749 aere
1814 692 2011 750 alieno
2049 703 2149 751 aut
2177 695 2580 771 magnitudine

515 790 542 845 5
568 785 912 844 tributorum
942 793 1039 841 aut
1067 784 1273 839 iniuria
1303 783 1700 857 potentiorum
1743 794 2103 857 premuntur,
2139 803 2267 844 sese
2307 788 2366 843 in
2407 789 2582 845 servi-

568 884 751 934 tutem
781 874 978 932 dicant
1008 874 1297 933 nobilibus
1318 894 1335 944 3
1379 874 1439 930 in
1473 873 1576 931 hos
1607 872 1816 931 eadem
1846 875 2045 932 omnia
2084 884 2219 934 sunt
2252 877 2392 947 iura,
2423 896 2576 953 quae

568 969 823 1029 dominis
853 971 909 1029 in
938 987 1151 1029 servos.
1235 968 1351 1027 Sed
1380 967 1457 1025 de
1487 968 1574 1025 his
1610 967 1842 1027 duobus
1880 970 2188 1045 generibus
2218 973 2460 1031 alterum
2493 985 2582 1031 est

568 1061 859 1132 druidum,
889 1062 1129 1119 alterum
1161 1060 1436 1134 equitum.
1524 1060 1612 1117 Illi
1638 1060 1810 1118 rebus
1841 1060 2050 1120 divinis
2079 1062 2380 1136 intersunt,
2412 1066 2584 1122 sacri-

566 1153 701 1211 ficia
738 1153 973 1228 publica
1012 1170 1081 1209 ac
1120 1151 1339 1226 privata
1378 1161 1710 1225 procurant,
1740 1152 2048 1227 religiones
2089 1154 2578 1233 interpretantur5

484 1265 542 1303 10
564 1243 643 1302 ad
699 1262 802 1302 eos
858 1261 1099 1319 magnus
1155 1240 1615 1300 adulescentium
1671 1260 1948 1301 numerus
2003 1244 2344 1321 disciplinae
2401 1265 2582 1304 causa

565 1336 873 1407 concurrit,
919 1351 1251 1410 magnoque
1292 1332 1352 1390 hi
1394 1343 1527 1391 sunt
1573 1333 1732 1408 apud
1775 1352 1876 1393 eos
1922 1335 2164 1394 honore.
2253 1337 2409 1394 Nam
2455 1338 2576 1395 fere

566 1426 642 1486 de
699 1427 968 1485 omnibus
1022 1426 1426 1483 controversiis
1483 1425 1730 1500 publicis
1786 1427 2135 1502 privatisque
2191 1429 2577 1501 constituunt,

564 1528 626 1577 et
671 1518 718 1577 si
770 1516 932 1593 quod
988 1527 1075 1575 est
1128 1515 1446 1574 admissum
1504 1516 1745 1589 facinus,
1803 1518 1850 1574 si
1906 1517 2118 1576 caedes
2175 1519 2344 1592 facta,
2403 1520 2449 1577 si
2502 1519 2580 1577 de

565 1606 903 1680 hereditate,
950 1608 997 1665 si
1042 1606 1117 1665 de
1163 1606 1377 1665 finibus
1426 1608 1819 1666 controversia
1869 1618 1974 1681 est,
2018 1608 2179 1667 idem
2229 1609 2581 1681 decernunt,

479 1710 538 1766 15
564 1700 823 1775 praemia
849 1716 1190 1775 poenasque
1220 1699 1579 1756 constituunt
1601 1718 1618 1773 3
1662 1698 1709 1757 si
1731 1700 1831 1774 qui
1855 1709 1954 1757 aut
1982 1701 2235 1774 privatus
2264 1710 2364 1759 aut
2392 1719 2582 1776 popu·

563 1789 651 1848 lus
694 1808 897 1848 eorum
941 1789 1181 1848 decreto
1222 1806 1344 1847 non
1386 1790 1561 1860 stetit,
1606 1790 1898 1848 sacrificiis
1941 1790 2313 1849 interdicunt.
2402 1794 2576 1850 Haec

564 1896 759 1955 poena
785 1879 946 1957 apud
974 1898 1077 1939 eos
1106 1890 1193 1939 est
1226 1881 1574 1956 gravissima.
1661 1881 1889 1955 Quibus
1933 1882 2012 1939 ita
2053 1892 2140 1940 est
2183 1882 2576 1955 interdictum,

565 1970 625 2028 hi
666 1990 911 2029 numero
960 1971 1272 2046 impiorum
1315 1990 1385 2029 ac
1429 1972 1840 2030 sceleratorum
1889 1973 2192 2045 habentur,
2236 1974 2324 2031 his
2367 1992 2577 2033 omnes

564 2059 880 2135 decedunt,
910 2061 1132 2121 aditum
1177 2080 1626 2139 sermonemque
1671 2061 1993 2140 defugiunt,
2023 2082 2097 2122 ne
2141 2063 2284 2140 quid
2325 2083 2397 2124 ex
2432 2083 2574 2124 con-

478 2173 539 2210 20
563 2153 797 2228 tagione
827 2154 1189 2212 incommodi
1220 2155 1528 2229 accipiant,
1557 2172 1750 2229 neque
1781 2153 1870 2212 his
1898 2156 2231 2230 petentibus
2260 2157 2348 2214 ius
2377 2155 2570 2215 reddi-

562 2253 655 2302 tur
703 2262 895 2319 neque
945 2245 1135 2303 honos
1190 2245 1337 2303 ullus
1391 2247 1875 2303 communicatur.
1962 2247 2076 2304 His
2131 2256 2328 2304 autem
2384 2249 2574 2305 omni-

565 2334 673 2392 bus
718 2333 1019 2394 druidibus
1068 2345 1298 2410 praeest
1346 2355 1514 2407 unuS,
1565 2337 1664 2411 qui
1715 2354 2002 2394 summam
2052 2337 2201 2395 inter
2249 2355 2351 2396 eos
2397 2338 2576 2397 habet

563 2427 985 2484 auctoritatem.
1070 2428 1212 2485 Hoc
1257 2437 1490 2486 mortuo
1535 2437 1650 2500 aut,
1696 2428 1742 2485 si
1792 2429 1890 2502 qui
1941 2446 2016 2486 ex
2061 2428 2293 2503 reliquis
2338 2429 2572 2486 excellit

564 2516 863 2594 dignitate,
907 2518 1189 2592 succedit,
1233 2528 1349 2590 aut,
1393 2520 1441 2577 si
1484 2529 1618 2576 sunt
1658 2519 1849 2595 plures
1891 2537 2077 2594 pareS,
2107 2519 2375 2596 suffragio
2419 2519 2574 2579 drui-

479 2633 504 2668 2
511 2633 539 2685 5
565 2608 726 2682 dum,
768 2628 1213 2686 nonnumquam
1259 2610 1434 2667 etiam
1477 2610 1647 2668 armis
1691 2609 1765 2667 de
1809 2610 2134 2685 principatu
2181 2610 2570 2670 contendunt.

567 2700 651 2759 Hi
698 2711 859 2760 certo
908 2702 1045 2760 anni
1100 2710 1367 2776 tempore
1424 2701 1485 2759 in
1539 2701 1750 2760 finibus
1807 2701 2146 2772 Carnutum,
2203 2719 2354 2777 quae
2410 2703 2574 2776 regio

563 2793 739 2852 totius
783 2793 1002 2852 Galliae
1046 2792 1241 2851 media
1282 2792 1544 2865 habetur,
1573 2791 1890 2850 considunt
1932 2793 1991 2850 in
2031 2792 2166 2851 loco
2208 2803 2573 2852 consecrato.

568 2886 709 2943 Huc
752 2903 957 2944 omnes
1000 2884 1280 2960 undique,
1324 2883 1426 2960 qui
1468 2879 1885 2941 controversias
1935 2882 2170 2954 habent,
2215 2885 2578 2942 conveniunt

566 2994 885 3052 eorumque
915 2976 1163 3036 decretis
1192 2974 1537 3050 iudiciisque
1560 2985 1783 3049 parent.
1857 2973 2178 3048 Disciplina
2198 2974 2257 3032 in
2280 2975 2578 3032 Britannia

478 3091 541 3142 30
564 3082 793 3145 reperta
832 3081 1007 3146 atque
1050 3071 1189 3130 inde
1230 3070 1290 3128 in
1332 3069 1577 3130 Galliam
1621 3067 1895 3127 translata
1935 3085 2062 3126 esse
2105 3068 2475 3138 existimatur,
2516 3078 2577 3125 et

566 3183 742 3237 nunc,
766 3166 866 3240 qui
895 3165 1223 3240 diligentius
1258 3183 1388 3222 eam
1431 3183 1554 3222 rem
1599 3180 1955 3238 cognoscere
1984 3161 2202 3233 volunt,
2233 3160 2579 3237 plerumque

568 3256 664 3314 illo
692 3255 962 3315 discendi
990 3275 1166 3315 causa
1192 3257 1660 3332 proficiscuntur.

647 3349 807 3405 XIV.
855 3347 1108 3406 Druides
1137 3367 1172 3405 a
1197 3347 1352 3406 bello
1382 3347 1587 3406 abesse
1617 3354 1972 3404 consuerunt
2000 3361 2193 3418 neque
2223 3343 2434 3401 tributa
2459 3359 2581 3400 una

570 3458 706 3497 cum
733 3438 965 3515 reliquis
994 3439 1280 3513 pendunt,
1313 3439 1547 3497 militiae
1576 3438 1942 3496 vacationem
1973 3434 2357 3509 omniumque
2384 3451 2579 3491 rerum

482 3550 544 3605 35
570 3529 788 3589 habent
815 3531 1260 3588 immunitatem.
1336 3530 1540 3588 Tantis
1575 3530 1806 3607 excitati
1846 3527 2118 3605 praemiis
2148 3534 2208 3584 et
2236 3543 2341 3584 sua
2367 3534 2582 3601 sponte

570 3621 734 3679 multi
761 3621 821 3679 in
851 3620 1217 3695 disciplinam
1246 3621 1604 3679 conveniunt
1625 3629 1684 3679 et
1704 3639 1739 3678 a
1759 3620 2094 3696 parentibus
2116 3616 2583 3695 propinquisque

572 3712 891 3769 mittuntur.
964 3712 1250 3786 Magnum
1273 3711 1351 3770 ibi
1372 3728 1680 3769 numerum
1703 3729 1972 3770 versuum
1996 3709 2259 3769 ediscere
2288 3707 2581 3768 dicuntur.

575 3801 781 3874 Itaque
811 3818 996 3859 annos
1024 3801 1285 3859 nonnulli
1312 3801 1553 3859 vicenos
1580 3801 1641 3859 in
1670 3799 1977 3877 disciplina
2003 3811 2368 3876 permanent.
2461 3799 2580 3860 Ne·
