2796 4207
851 266 998 319 Lm.
1046 244 1129 319 Π.
1172 265 1343 318 CAP.
1387 262 1676 315 XII-xv.
2207 240 2288 304 83

201 441 348 511 ditis,
380 438 440 495 in
469 435 830 495 deditionem
868 430 1206 492 Suessiones
1248 428 1482 504 accepit
1522 426 1957 500 exercitumque
1986 422 2047 481 in
2074 420 2201 481 Bel·

196 535 428 591 lovacos
493 528 670 587 ducit.
784 524 902 599 Qui
957 540 1095 581 cum
1150 539 1213 580 se
1269 536 1489 595 suaque
1546 518 1745 576 omnia
1800 518 1858 574 in
1915 512 2202 591 oppidum

122 615 126 619 ’
197 619 662 697 Bratuspantium
705 614 1104 685 contulissent,
1131 622 1306 687 atque
1344 611 1420 670 ab
1460 628 1533 669 eo
1571 608 1796 685 oppido
1825 606 2041 667 Caesar
2067 622 2203 662 cum

194 715 451 774 exercitu
494 709 720 769 circiter
761 706 918 764 milia
953 721 1231 781 passuum
1273 702 1534 778 quinque
1572 700 1819 770 abesset,
1848 714 2054 755 omnes
2082 712 2202 752 ma-

195 807 346 865 iores
381 813 523 862 natu
562 820 637 861 ex
674 797 901 873 oppido
944 794 1157 871 egressi
1193 810 1401 851 manus
1430 791 1506 850 ad
1537 792 1849 849 Caesarem
1877 786 2119 846 tendere
2148 795 2207 843 et
2236 808 2263 859 5

97 946 102 951 .
196 915 344 955 voce
386 895 704 971 significare
752 896 1094 964 coeperunt,
1126 902 1252 943 sese
1293 884 1354 941 in
1393 884 1517 942 eius
1546 881 1727 939 fidem
1756 898 1825 939 ac
1856 887 2204 955 potestatem

196 987 389 1045 venire
429 1003 622 1061 neque
668 992 872 1041 contra
914 978 1199 1054 populum
1235 977 1573 1033 Romanum
1614 972 1787 1030 armis
1828 967 2205 1028 contendere.

197 1079 368 1150 Item,
413 1096 554 1135 curn
598 1075 676 1135 ad
726 1071 1014 1150 oppidum
1065 1066 1407 1125 accessisset
1461 1074 1765 1138 castraque
1812 1061 1893 1120 ibi
1943 1068 2207 1137 poneret,

193 1170 355 1243 pueri
393 1168 784 1241 mulieresque
815 1183 889 1223 ex
918 1177 1082 1219 muro
1122 1158 1304 1234 passis
1339 1154 1606 1213 manibus
1643 1172 1750 1211 suo
1794 1170 1957 1212 more
1999 1170 2210 1228 pacem

192 1262 265 1319 ab
294 1260 584 1319 Romanis
614 1259 922 1333 petierunt.
2243 1270 2300 1305 ιο

269 1352 432 1409 XIV.
479 1352 596 1408 Pro
639 1349 728 1406 his
771 1346 1092 1405 Divitiacus
1139 1344 1305 1419 (nam
1357 1349 1493 1415 post
1540 1336 1862 1396 discessum
1903 1335 2211 1414 Belgarum

197 1441 442 1500 dimissis
487 1438 835 1499 Aeduorum
881 1437 1068 1512 copiis
1116 1434 1194 1494 ad
1243 1452 1378 1492 eum
1427 1428 1762 1506 reverterat)
1811 1430 1950 1489 facit
1996 1429 2207 1489 verba:

199 1533 543 1591 Bellovacos
596 1530 758 1589 omni
813 1538 1080 1604 ternpore
1137 1528 1197 1585 in
1248 1523 1372 1585 fide
1428 1531 1606 1599 atque
1661 1521 1917 1581 amicitia
1970 1520 2213 1580 civitatis

200 1622 438 1682 Aeduae
481 1622 700 1692 fuisse3
758 1620 1040 1697 impulsos
1081 1620 1155 1678 ab
1196 1618 1314 1676 suis
1363 1614 1741 1691 principibuS,
1786 1613 1888 1690 qui
1930 1610 2211 1686 dicerent,

199 1713 434 1773 Aeduos
463 1714 547 1772 ab
572 1713 823 1772 Caesare
853 1712 913 1769 in
943 1711 1274 1769 servitutem
1304 1707 1576 1768 redactos
1607 1724 1815 1766 omnes
1842 1704 2213 1781 indignitates
2244 1714 2299 1769 15

199 1804 702 1879 contumeliasque
751 1802 1022 1878 perferre,
1069 1811 1128 1859 et
1165 1802 1241 1860 ab
1285 1799 1507 1860 Aeduis
1551 1799 1835 1859 defecisse
1884 1808 1945 1857 et
1991 1797 2213 1874 populo

199 1898 471 1955 Romano
500 1894 726 1953 bellum
754 1894 1030 1952 intulisse.
1102 1893 1223 1967 Qui
1244 1892 1368 1951 eius
1389 1892 1614 1952 consilii
1641 1891 1933 1968 principes
1954 1890 2212 1961 fuissent,

197 1988 357 2064 quod
397 1986 828 2061 intellegerent,
864 1993 1142 2059 quantam
1185 1983 1573 2042 calamitatem
1616 1984 1832 2041 civitati
1872 1982 2213 2053 intulissent,

200 2081 258 2139 in
284 2078 652 2138 Britanniam
694 2074 1030 2152 profugisse.
1117 2076 1320 2134 Petere
1348 2092 1471 2134 non
1501 2074 1687 2136 solum
1720 2074 2078 2148 BellovacOS,
2108 2070 2214 2134 sed

203 2171 373 2229 etiam
414 2188 526 2247 pro
572 2169 662 2226 his
699 2167 958 2240 AeduOS,
998 2177 1063 2225 ut
1100 2185 1206 2226 sua
1241 2167 1553 2226 clementia
1579 2185 1650 2226 ac
1678 2164 2125 2227 mansuetudine
2154 2165 2214 2226 in
2244 2190 2305 2226 20

203 2280 303 2320 eos
348 2271 564 2320 utatur.
652 2258 833 2333 Quod
876 2259 927 2316 si
967 2259 1186 2331 fecerit,
1228 2257 1571 2317 Aeduorum
1612 2259 2016 2317 auctoritatem
2058 2256 2216 2334 apud

205 2370 408 2410 omnes
438 2351 654 2426 Belgas
683 2349 1188 2424 amplificaturum,
1218 2367 1468 2424 quorum
1508 2349 1730 2408 auxiliis
1772 2359 1945 2425 atque
1988 2349 2216 2425 opibus,

209 2443 254 2499 si
283 2461 398 2517 qua
423 2441 584 2501 bella
609 2439 936 2513 inciderint,
966 2450 1286 2499 sustentare
1315 2440 1670 2499 consuerint.

285 2535 409 2592 XV.
455 2534 680 2592 Caesar
707 2530 946 2589 honoris
977 2531 1248 2589 Divitiaci
1280 2542 1457 2606 atque
1489 2531 1830 2590 Aeduorum
1872 2549 2051 2590 causa
2089 2549 2217 2590 sese

211 2641 308 2682 eos
336 2625 394 2682 in
425 2623 610 2682 fidem
655 2631 1025 2697 recepturum
1066 2630 1126 2680 et
1162 2631 1637 2681 conservaturum
1680 2621 1862 2695 dixit3
1906 2622 2071 2698 quod
2100 2631 2221 2681 erat
2250 2639 2308 2690 ²5

209 2716 405 2774 civitas
434 2731 655 2789 magna
681 2713 833 2772 inter
858 2711 1065 2788 Belgas
1093 2714 1435 2772 auctoritate
1463 2722 1639 2788 atque
1684 2713 1989 2772 hominum
2030 2713 2221 2772 multi-

211 2806 407 2866 tudine
449 2804 805 2880 praestabat,
844 2813 1154 2863 sexcentos
1196 2803 1433 2864 obsides
1475 2805 1766 2881 poposcit.
1851 2805 1967 2864 His
2002 2804 2223 2864 traditis

213 2898 606 2970 omnibusque
655 2893 828 2953 armis
872 2912 946 2952 ex
993 2894 1220 2971 oppido
1265 2895 1506 2968 collatiS,
1548 2897 1623 2954 ab
1672 2914 1746 2954 eo
1795 2895 1928 2954 loco
1974 2897 2032 2954 in
2076 2897 2223 2955 fines

213 2988 636 3046 Ambianorum
676 2986 957 3061 pervenit,
994 2987 1098 3062 qui
1138 3003 1202 3044 se
1243 3002 1464 3060 suaque
1507 2987 1707 3045 omnia
1745 2988 1869 3046 sine
1916 3005 2081 3047 mora
2119 2987 2221 3046 de-

212 3077 506 3137 diderunt.
594 3078 818 3136 Eorum
861 3077 1006 3136 fines
1045 3077 1248 3135 Nervii
1287 3077 1687 3152 attingebant3
1729 3096 1978 3154 quorum
2012 3078 2088 3137 de
2123 3097 2223 3137 na·
2251 3104 2314 3155 30

213 3177 336 3226 tura
403 3167 786 3243 moribusque
844 3168 1064 3227 Caesar
1126 3185 1261 3226 cum
1326 3177 1648 3242 quaereret,
1714 3169 1797 3228 sic
1861 3170 2222 3244 reperiebat:

216 3260 455 3317 Nullum
485 3249 712 3318 aditum
741 3277 868 3319 esse
897 3259 974 3318 ad
1004 3276 1106 3318 eos
1135 3260 1553 3318 mercatoribus
1575 3281 1591 3332 3
1634 3261 1775 3319 nihil
1815 3261 1936 3337 pati
1961 3261 2078 3320 vini
2106 3262 2229 3321 reli·

219 3367 580 3426 quarumque
608 3369 802 3410 rerum
839 3349 917 3409 ad
949 3351 1234 3409 luxuriam
1274 3350 1689 3426 pertinentium
1715 3352 1923 3422 inferri,
1954 3351 2118 3428 quod
2147 3353 2229 3411 eis

219 3439 389 3498 rebus
425 3441 866 3518 relanguescere
894 3442 1123 3500 animos
1151 3459 1355 3500 eorum
1384 3451 1445 3500 et
1484 3443 1697 3502 remitti
1732 3444 1999 3502 virtutem
2043 3443 2227 3503 existi-

221 3541 487 3606 marent3
525 3551 653 3592 esse
697 3532 968 3593 homines
1011 3533 1166 3592 feros
1205 3550 1571 3609 magnaeque
1608 3533 1844 3606 virtutiS,
1886 3533 2227 3608 increpitare
2257 3552 2317 3602 35

223 3629 396 3695 atque
415 3623 682 3683 incusare
705 3625 957 3699 reliquos
978 3623 1203 3699 Belgas,
1223 3623 1323 3699 qui
1351 3642 1414 3683 se
1435 3624 1657 3700 populo
1680 3625 1954 3683 Romano
1977 3622 2227 3683 dedidis-

224 3721 354 3772 sent
373 3715 736 3790 patriamque
759 3715 1024 3774 virtutem
1046 3714 1428 3791 proiecissent
1449 3735 1467 3787 3
1496 3715 1859 3784 confirmare,
1878 3731 2005 3773 sese
2034 3732 2229 3789 neque

227 3800 449 3876 legatos
477 3805 750 3864 missuros
776 3823 970 3882 neque
1001 3805 1176 3863 ullam
1203 3804 1618 3864 condicionem
1647 3805 1809 3881 pacis
1836 3813 2199 3880 accepturos.
