2796 4207
529 250 654 315 124
1178 270 1287 324 DE
1339 270 1595 323 BELLO
1647 268 1992 323 GALLICO

612 430 806 491 studio
835 432 896 491 in
924 451 1151 493 summa
1177 434 1442 491 omnium
1471 451 1662 491 rerum
1691 432 1889 508 inopia
1916 431 2143 491 circiter
2170 440 2473 490 sexcentas
2505 430 2642 491 eius

611 524 856 599 generiS,
887 525 1052 582 cuius
1092 542 1266 600 supra
1306 523 1846 593 demonstravimuS,
1877 540 2052 580 naves
2094 532 2153 581 et
2193 523 2394 598 longas
2435 539 2639 581 xxvm

612 615 829 673 invenit
868 614 1194 687 instructas,
1237 632 1430 691 neque
1474 615 1719 673 multum
1762 613 1965 673 abesse
2000 614 2075 673 ab
2118 632 2210 686 e0,
2238 614 2380 690 quin
2421 616 2639 690 paucis

611 705 817 764 diebus
858 704 1077 764 deduci
1119 707 1360 781 possint.
1446 704 1805 765 Collaudatis
1848 705 2124 763 militibus
2172 714 2346 780 atque
2391 705 2475 779 iis,
2524 706 2635 781 qui

557 816 584 869 5
610 797 847 872 negotio
884 796 1269 872 praefuerant,
1301 795 1445 872 quid
1476 796 1599 854 fieri
1627 796 1780 868 velit,
1811 795 2067 854 ostendit
2104 805 2279 872 atque
2309 814 2520 854 omnes
2550 796 2635 854 ad

609 899 841 963 portum
872 888 1047 945 Itium
1077 888 1390 946 convenire
1420 888 1599 958 iubet,
1622 905 1741 963 quo
1772 905 1845 945 ex
1874 895 2046 962 portu
2076 886 2631 945 commodissimum

609 979 669 1035 in
699 979 1051 1037 Britanniam
1086 978 1388 1036 traiectum
1420 996 1547 1036 esse
1587 987 1959 1053 cognoverat,
1990 978 2216 1035 circiter
2244 977 2469 1035 milium
2498 996 2633 1054 pas-

608 1086 777 1127 suum
819 1087 946 1127 xxx
988 1088 1024 1127 a
1061 1069 1424 1127 continenti:
1472 1069 1607 1127 huic
1647 1069 1749 1140 rei,
1782 1068 1945 1143 quod
1986 1068 2121 1127 satis
2162 1085 2290 1126 esse
2320 1068 2509 1126 visum
2538 1078 2634 1128 est

607 1160 872 1232 militum,
902 1161 1147 1235 reliquit.
1232 1160 1368 1235 Ipse
1400 1178 1537 1217 cum
1572 1160 1895 1235 legionibus
1924 1158 2212 1234 expeditis
2240 1176 2299 1217 1v
2326 1169 2386 1217 et
2414 1159 2629 1235 equiti·

524 1276 583 1313 10
609 1250 716 1331 bus
743 1268 897 1310 Dccc
925 1252 984 1309 in
1013 1252 1158 1311 fines
1185 1252 1572 1309 Treverorum
1608 1250 2009 1326 proficiscitur,
2039 1249 2204 1327 quod
2232 1250 2293 1307 hi
2319 1268 2515 1326 neque
2544 1250 2629 1309 ad

608 1342 855 1400 concilia
909 1344 1220 1401 veniebant
1273 1360 1468 1416 neque
1530 1341 1777 1415 imperio
1832 1342 2116 1417 parebant
2172 1342 2627 1418 Germanosque

605 1431 1082 1491 Transrhenanos
1125 1433 1425 1490 sollicitare
1470 1429 1835 1489 dicebantur.

689 1524 804 1582 111.
853 1526 1023 1582 Haec
1065 1525 1264 1582 civitas
1299 1523 1473 1599 longe
1516 1522 1827 1599 plurimum
1871 1522 2048 1582 totius
2091 1522 2313 1581 Galliae
2356 1523 2625 1599 equitatu

605 1614 756 1673 valet
797 1633 1153 1691 magnasque
1197 1615 1373 1673 habet
1416 1614 1616 1690 copias
1658 1612 1944 1689 peditum,
1978 1612 2392 1688 Rhenumque,
2424 1624 2490 1671 ut
2522 1632 2623 1671 su-

522 1722 579 1775 15
608 1724 710 1782 pra
749 1705 1289 1777 demonstravitum,
1333 1706 1535 1781 tangit.
1620 1704 1693 1763 In
1735 1722 1808 1763 ea
1847 1704 2078 1763 civitate
2120 1703 2242 1763 duo
2284 1703 2360 1763 de
2402 1704 2621 1779 princi—

604 1805 745 1872 patu
786 1798 936 1856 inter
977 1816 1038 1855 se
1081 1797 1538 1868 contendebant,
1581 1795 2015 1854 Indutiomarus
2058 1804 2117 1854 et
2158 1795 2537 1870 Cingetorix5
2585 1815 2622 1854 e

605 1888 814 1962 quibus
862 1888 1020 1962 alter,
1065 1888 1408 1963 simulatque
1454 1886 1529 1946 de
1580 1886 1843 1946 Caesaris
1892 1887 2309 1963 legionumque
2359 1885 2621 1946 adventu

604 1979 903 2054 cognitum
945 1988 1050 2051 est,
1080 1978 1158 2037 ad
1200 1997 1335 2037 eum
1365 1979 1541 2050 venit,
1570 1996 1633 2037 se
1676 1995 1929 2054 suosque
1965 1995 2171 2035 omnes
2200 1977 2262 2035 in
2303 1976 2498 2037 officio
2528 1978 2617 2036 fu-

604 2077 762 2128 turos
789 2088 982 2146 neque
1005 2070 1079 2129 ab
1110 2069 1363 2128 amicitia
1388 2069 1591 2147 populi
1614 2070 1870 2129 Romani
1897 2068 2229 2129 defecturos
2252 2068 2621 2128 confirmavit

516 2187 579 2223 20
604 2179 873 2237 quaeque
915 2163 975 2219 in
1015 2162 1278 2219 Treveris
1318 2170 1669 2237 gererentur,
1702 2160 1976 2220 ostendit.
2059 2163 2137 2220 At
2180 2160 2620 2220 Indutiomarus

605 2251 926 2327 equitatum
966 2251 1413 2327 peditatumque
1454 2269 1665 2328 cogere
1707 2251 1912 2327 iisque,
1963 2252 2064 2327 qui
2113 2270 2219 2328 per
2259 2262 2513 2311 aetatem
2557 2254 2619 2312 in

602 2343 775 2401 armis
817 2361 942 2401 esse
987 2361 1107 2400 non
1135 2353 1422 2419 poterant,
1452 2343 1512 2400 in
1540 2341 1738 2400 silvam
1780 2343 2160 2402 Arduennam
2200 2344 2429 2416 abditis,
2460 2363 2615 2422 quae

601 2433 818 2509 ingenti
862 2434 1261 2509 magnitudine
1304 2453 1412 2510 per
1440 2434 1665 2492 medios
1694 2434 1841 2494 fines
1881 2436 2268 2495 Treverorum
2311 2456 2347 2495 a
2374 2437 2616 2496 flumine

602 2525 814 2583 Rheno
843 2525 921 2583 ad
952 2525 1179 2583 initium
1209 2527 1533 2584 Remorum
1570 2525 1839 2601 pertinet,
1870 2526 2087 2586 bellum
2115 2545 2319 2603 parare
2348 2526 2612 2588 instituit.

512 2638 540 2672 2
547 2636 574 2689 5
599 2615 716 2675 Sed
745 2626 1129 2692 posteaquam
1157 2615 1420 2674 nonnulli
1446 2616 1739 2692 principes
1770 2635 1845 2676 ex
1870 2635 1945 2676 ea
1972 2618 2203 2677 civitate
2234 2627 2292 2676 et
2322 2618 2611 2677 familiari-

598 2716 716 2764 tate
747 2707 1132 2782 Cingetorigis
1158 2705 1402 2765 adducti
1431 2715 1490 2765 et
1517 2705 1772 2768 adventu
1800 2709 1984 2768 nostn'
2012 2709 2299 2768 exercitus
2326 2712 2613 2785 perterriti

598 2797 676 2855 ad
703 2799 1016 2858 Caesarem
1043 2808 1326 2857 venerunt
1354 2807 1414 2856 et
1451 2797 1529 2856 de
1561 2799 1678 2858 suis
1706 2800 1973 2876 privatim
2000 2802 2173 2860 rebus
2202 2803 2277 2861 ab
2305 2820 2379 2861 eo
2407 2812 2611 2878 petere

597 2899 937 2964 coeperunt,
983 2890 1261 2966 quoniam
1302 2890 1517 2948 civitati
1559 2890 1865 2950 consulere
1908 2909 2029 2950 non
2070 2901 2330 2967 possent,
2374 2894 2607 2966 veritus,

597 2996 670 3037 ne
700 2980 774 3038 ab
817 2980 1088 3038 omnibus
1129 2979 1508 3052 desereretur,
1555 2981 1988 3041 Indutiomarus
2026 2982 2248 3058 legatos
2277 2982 2353 3041 ad
2392 2984 2605 3043 Caesa-

509 3083 570 3134 30
596 3087 720 3127 rem
763 3071 970 3129 mittit:
1030 3070 1170 3130 Sese
1214 3070 1436 3130 idcirco
1485 3072 1560 3130 ab
1608 3072 1724 3130 suis
1769 3071 2074 3132 discedere
2122 3082 2297 3149 atque
2347 3074 2427 3132 ad
2472 3093 2607 3134 eum

595 3161 789 3218 venire
817 3161 1088 3234 noluisse,
1117 3181 1237 3239 quo
1267 3163 1488 3220 facilius
1517 3161 1811 3221 civitatem
1842 3163 1902 3220 in
1930 3162 2126 3222 officio
2154 3165 2501 3237 contineret,
2532 3184 2607 3224 ne

596 3251 784 3310 omnis
826 3252 1139 3312 nobilitatis
1181 3253 1441 3312 discessu
1471 3252 1635 3327 plebs
1677 3263 1917 3330 propter
1958 3253 2409 3329 imprudentiam
2446 3256 2604 3314 labe·

593 3353 783 3400 retur:
829 3343 1025 3419 itaque
1070 3362 1198 3403 esse
1252 3344 1546 3402 civitatem
1601 3343 1663 3402 in
1718 3362 1824 3402 sua
1876 3353 2185 3420 potestate,
2231 3363 2498 3421 seseque,
2557 3348 2604 3406 si

595 3434 812 3493 Caesar
857 3435 1232 3511 permitteret,
1281 3434 1360 3493 ad
1402 3453 1537 3492 eum
1580 3433 1642 3492 in
1682 3445 1868 3494 castra
1915 3446 2240 3507 venturum,
2285 3455 2417 3494 suas
2460 3438 2596 3496 civi-

506 3540 568 3592 35
593 3526 841 3602 tatisque
879 3526 1138 3585 fortunas
1180 3526 1304 3584 eius
1346 3525 1487 3583 fidei
1529 3526 1957 3601 permissurum.

675 3618 776 3676 IV.
824 3618 1058 3688 Caesar,
1101 3616 1209 3674 etsi
1249 3616 1637 3691 intellegebat,
1669 3635 1785 3692 qua
1826 3617 1901 3676 de
1945 3635 2121 3676 causa
2160 3635 2232 3675 ea
2271 3616 2602 3677 dicerentur

593 3724 863 3782 quaeque
905 3725 1040 3764 eum
1083 3723 1173 3764 res
1202 3706 1275 3764 ab
1316 3707 1578 3764 instituto
1619 3707 1873 3765 concilio
1915 3706 2248 3779 deterreret,
2277 3717 2495 3782 tamen,
2523 3728 2599 3768 ne

593 3808 872 3858 aestatem
900 3799 961 3856 in
999 3799 1264 3858 Treveris
1305 3817 1652 3857 consumere
1694 3809 2000 3876 cogeretur
2041 3801 2313 3859 omnibus
2355 3800 2433 3859 ad
2477 3802 2597 3862 Bri-
