2796 4207
868 241 1015 295 ΜΒ.
1056 238 1128 295 v.
1175 239 1345 294 cAP.
1388 238 1656 292 V11-1x.
2176 220 2298 287 127

203 415 263 462 et
289 404 408 462 leni
424 404 620 462 Africo
650 413 978 481 provectuS‚
1002 402 1198 462 media
1219 402 1449 462 circiter
1467 412 1644 462 nocte
1666 412 1843 463 vento
1865 404 2213 478 intermisso,

205 513 438 556 cursum
464 514 588 556 non
618 496 803 555 tenuit
830 504 890 555 et
915 495 1144 572 longius
1173 493 1397 555 delatus
1426 504 1592 554 aestu
1614 504 1742 554 orta
1762 494 1894 554 luce
1916 496 2026 555 sub
2048 496 2213 557 sinis-

204 598 289 646 tra
317 588 674 647 Britanniam
704 587 962 646 relictam
991 587 1318 662 conspexit.
1400 587 1556 645 Tum
1588 604 1779 646 rursus
1819 597 2013 649 aestus
2051 606 2212 648 com-

204 680 589 740 mutationem
631 688 864 738 secutus
903 678 1076 737 remis
1115 677 1440 751 contendit,
1470 687 1535 737 ut
1563 697 1693 738 eam
1726 688 1952 755 partem
1990 678 2213 739 insulae

201 780 458 848 caperet,
489 789 606 847 qua
647 770 934 846 optimum
975 787 1102 828 esse
1146 788 1443 846 egressum
1483 770 1779 846 superiore
1817 779 2035 830 aestate
2073 789 2213 848 cog·
2245 789 2271 842 5

201 871 461 921 noverat.
547 861 683 936 Qua
711 860 771 919 in
799 878 861 918 re
899 859 1226 919 admodum
1261 860 1368 919 fuit
1408 860 1655 919 militurn
1682 860 1858 919 virtus
1899 859 2212 933 laudanda,

201 953 301 1029 qui
328 952 601 1011 vectoriis
635 951 1022 1027 gravibusque
1062 952 1304 1028 navigiis
1341 970 1465 1011 non
1514 952 1840 1011 intermisso
1888 951 2215 1028 remigandi

201 1044 398 1103 labore
427 1042 733 1118 longarum
760 1042 995 1101 navium
1026 1060 1262 1102 cursum
1289 1041 1708 1118 adaequarunt.
1780 1044 2102 1103 Accessum
2124 1053 2215 1103 est

199 1133 275 1193 ad
332 1133 692 1192 Britanniam
750 1132 1021 1192 omnibus
1076 1134 1320 1193 navibus
1377 1132 1702 1193 meridiano
1758 1133 1878 1193 fere
1926 1143 2213 1210 tempore,

200 1243 394 1302 neque
438 1225 500 1283 in
541 1242 617 1283 eo
657 1224 792 1283 loco
835 1224 1016 1284 hostis
1058 1235 1147 1284 est
1178 1225 1332 1285 visus
1353 1246 1372 1299 ς
1415 1225 1540 1298 sed,
1572 1234 1635 1284 ut
1662 1234 1869 1301 postea
1896 1226 2116 1285 Caesar
2142 1244 2216 1285 ex
2247 1253 2306 1289 10

200 1316 444 1392 captivis
468 1316 762 1392 cognovit,
785 1333 924 1374 cum
951 1334 1200 1392 magnae
1230 1334 1437 1375 manus
1466 1334 1541 1375 eo
1569 1317 1997 1390 convenissent,
2023 1317 2214 1376 multi-

201 1406 405 1466 tudine
452 1406 688 1464 navium
728 1406 1082 1482 perterritae,
1127 1424 1281 1482 quae
1321 1424 1460 1465 cum
1507 1407 1799 1467 annotinis
1843 1407 2213 1483 privatisque,

201 1516 344 1574 quas
373 1498 468 1556 sui
496 1497 744 1572 quisque
781 1496 1088 1556 commodi
1124 1498 1358 1569 fecerat,
1387 1498 1635 1573 amplius
1676 1498 2048 1574 octingentae
2091 1516 2213 1557 uno

203 1598 365 1648 erant
405 1588 567 1646 visae
609 1596 894 1663 tempore,
923 1605 961 1646 a
996 1588 1161 1647 litore
1203 1586 1591 1647 discesserant
1632 1606 1702 1647 ac
1740 1606 1803 1647 se
1832 1589 1894 1647 in
1920 1588 2217 1665 superiora

203 1680 332 1739 loca
357 1677 733 1738 abdiderant.
2246 1700 2265 1736 1
2278 1699 2304 1752 5

283 1767 390 1829 IX.
435 1769 656 1829 Caesar
697 1769 966 1846 exposito
1004 1769 1261 1828 exercitu
1289 1778 1348 1829 et
1375 1769 1512 1829 loco
1542 1769 1740 1830 castris
1768 1769 1988 1830 idoneo
2017 1780 2214 1847 capto,

205 1862 299 1920 ubi
328 1880 405 1920 ex
433 1860 680 1936 captivis
721 1860 1016 1937 cognovit,
1045 1878 1166 1937 quo
1194 1860 1255 1919 in
1283 1860 1419 1919 loco
1456 1860 1712 1920 hostium
1754 1862 1965 1937 copiae
2006 1879 2214 1921 conse-

205 1951 444 2025 dissent,
476 1950 816 2011 cohortibus
859 1950 1070 2010 decern
1112 1949 1190 2009 ad
1232 1968 1390 2009 mare
1430 1950 1644 2010 relictis
1678 1960 1738 2010 et
1769 1951 2061 2027 equitibus
2102 1960 2214 2011 tre·

205 2043 408 2115 centiS,
439 2042 544 2119 qui
573 2041 862 2119 praesidio
889 2041 1133 2101 navibus
1162 2050 1374 2115 essent,
1398 2040 1475 2101 de
1504 2042 1671 2101 tertia
1696 2042 1887 2119 vigilia
1912 2041 1990 2101 ad
2018 2042 2215 2102 hostes

205 2134 532 2208 contendit,
583 2151 657 2192 eo
708 2133 898 2192 minus
945 2133 1158 2193 veritus
1207 2133 1469 2206 navibus,
1520 2131 1684 2209 quod
1732 2133 1794 2192 in
1839 2134 2006 2193 litore
2054 2134 2214 2193 molli
2245 2164 2305 2200 20

204 2234 378 2301 atque
417 2233 626 2301 aperto
670 2223 948 2300 deligatas
987 2223 1063 2282 ad
1103 2241 1379 2283 ancoram
1420 2223 1798 2300 relinquebat,
1830 2234 1889 2283 et
1924 2224 2215 2301 praesidio

203 2316 448 2375 navibus
489 2315 776 2390 Quintum
817 2315 1044 2372 Atrium
1087 2314 1382 2390 praefecit.
1469 2315 1608 2390 Ipse
1657 2324 1836 2374 noctu
1877 2333 2215 2392 progressus

205 2407 359 2465 milia
405 2423 689 2482 passuum
737 2405 964 2464 circiter
1005 2422 1090 2464 ΧΠ
1137 2405 1391 2465 hostiurn
1440 2405 1642 2482 copias
1689 2406 2059 2483 conspicatus
2108 2416 2211 2468 est.

207 2498 292 2554 Illi
334 2497 603 2573 equitatu
639 2505 815 2571 atque
858 2495 1078 2555 essedis
1107 2495 1184 2555 ad
1213 2497 1432 2555 flumen
1460 2496 1750 2574 progressi
1778 2515 1853 2557 ex
1880 2497 2015 2557 loco
2042 2516 2213 2575 supe-

204 2589 350 2648 riore
394 2598 626 2648 nostros
669 2587 978 2662 prohibere
1020 2595 1082 2646 et
1120 2588 1407 2664 proelium
1456 2589 1822 2649 committere
1872 2598 2214 2665 coeperunt.
2244 2616 2304 2669 25

206 2680 450 2756 Repulsi
498 2679 574 2737 ab
617 2677 877 2755 equitatu
927 2696 989 2736 se
1031 2679 1092 2737 in
1139 2678 1308 2738 silvas
1356 2678 1725 2753 abdiderunt,
1772 2681 1969 2740 locum
2016 2681 2216 2740 nancti

206 2771 433 2846 egregie
472 2779 533 2828 et
574 2779 780 2828 natura
821 2778 880 2828 et
920 2787 1100 2845 opere
1142 2770 1450 2843 munitum,
1490 2789 1667 2846 quem
1710 2770 2019 2830 domestici
2059 2772 2214 2846 belli,

205 2870 266 2917 ut
291 2861 661 2932 videbantur,
700 2879 877 2919 causa
917 2861 1034 2918 iam
1074 2871 1209 2920 ante
1251 2871 1774 2938 praeparaverant3
1817 2882 1956 2921 nam
1999 2864 2215 2924 crebris

205 2952 504 3011 arboribus
547 2951 784 3010 succisis
827 2969 1034 3011 omnes
1076 2953 1344 3012 introitus
1387 2961 1551 3012 erant
1591 2953 1890 3029 praeclusi.
1977 2955 2100 3031 Ipsi
2142 2973 2217 3014 ex

204 3041 353 3100 silvis
381 3043 496 3101 rari
534 3042 984 3118 propugnabant
1022 3052 1367 3118 nostrosque
1403 3043 1553 3101 intra
1594 3043 1947 3102 munitiones
1987 3044 2217 3120 ingredi
2242 3064 2305 3115 30

203 3132 615 3206 prohibebant.
697 3134 775 3190 At
811 3133 1018 3192 milites
1056 3132 1300 3209 legionis
1337 3133 1623 3210 septimae
1653 3133 1945 3193 testudine
1975 3134 2128 3194 facta
2155 3145 2216 3194 et

203 3239 410 3298 aggere
434 3222 514 3281 ad
545 3223 897 3282 munitiones
925 3223 1161 3283 adiecto
1188 3223 1383 3282 locum
1413 3232 1696 3300 ceperunt
1717 3242 1938 3300 eosque
1961 3243 2036 3284 ex
2062 3225 2214 3285 silvis

204 3313 554 3390 expulerunt
608 3314 812 3389 paucis
859 3313 1190 3372 vulneribus
1245 3314 1521 3390 acceptis.
1605 3312 1721 3373 Sed
1776 3331 1880 3372 eos
1929 3314 2213 3392 fugientes
2293 3359 2299 3364 -

202 3402 428 3479 longius
459 3404 682 3464 Caesar
717 3404 993 3480 prosequi
1019 3404 1219 3478 vetuit,
1251 3414 1310 3462 et
1339 3403 1503 3479 quod
1541 3404 1655 3463 loci
1693 3414 1958 3465 naturam
1986 3406 2211 3482 ignora-

205 3493 320 3567 bat,
339 3503 398 3553 et
415 3494 599 3572 quod,
620 3513 833 3570 magna
854 3504 1016 3570 parte
1039 3493 1157 3553 diei
1179 3503 1545 3570 consumpta,
1564 3495 1872 3555 munitioni
1892 3505 2212 3555 castrorum
2240 3507 2300 3558 35

204 3591 434 3660 tempus
461 3584 711 3658 relinqui
738 3583 984 3642 volebat.
