2796 4207
819 244 964 297 Lus.
1013 244 1059 295 1.
1105 242 1274 297 CAP.
1313 242 1752 299 XXII-XXVI.
2248 230 2333 295 59

229 409 486 467 hostium
517 408 824 481 impetum,
856 407 1027 465 misit.
1114 408 1253 482 Ipse
1283 408 1516 465 interim
1544 408 1605 465 in
1633 408 1780 465 colle
1822 408 2020 467 medio
2062 410 2239 484 tripli·-

227 519 359 558 cem
407 500 598 557 aciem
647 498 910 555 instruxit
960 489 1256 573 legionlm
1301 509 1577 578 quattuor
1619 509 2019 557 veteranarum
2064 511 2239 575 atque

227 610 401 669 supra
431 610 492 649 se
525 592 584 647 in
615 608 847 651 summo
878 589 1014 664 iugo
1038 588 1184 647 duas
1213 589 1493 664 legioneS‚
1519 608 1662 665 quas
1682 592 1741 647 in
1765 586 1952 649 Gallia
1973 591 2239 652 citeriore

225 684 492 757 proxime
535 681 979 756 conscripserat,
1025 691 1083 739 et
1125 678 1324 738 omnia
1352 681 1563 741 auxilia
1590 681 1911 753 colinavit,
1941 700 2011 739 ac
2051 693 2239 740 totum

226 784 512 831 montem·
554 770 888 831 hominibus
949 771 1306 846 complevit3
1364 757 1587 828 interea
1635 773 1885 829 sarcinas
1941 772 2001 829 in
2056 791 2237 831 unum
2268 782 2295 835 5

225 866 424 922 locum
451 864 718 935 conferri,
752 872 810 921 et
841 879 975 919 eum
1007 862 1082 919 ab
1111 862 1218 939 his,
1251 863 1352 937 qui
1380 863 1443 920 in
1472 853 1767 938 superiore
1798 864 1924 921 acie
1960 864 2234 921 constite-

224 965 372 1028 rant,
403 956 611 1013 muniri
651 955 832 1012 iussit.
923 939 1181 1010 Helvetii
1223 971 1358 1009 cum
1389 954 1661 1011 omnibus
1692 954 1807 1011 suis
1838 954 2010 1011 carris
2054 956 2236 1012 secuti

226 1046 648 1123 impedimenta
677 1044 742 1103 in'
765 1064 950 1104 unum
979 1045 1174 1102 locum
1206 1044 1578 1102 contulerunt
1598 1065 1615 1117 3
1656 1046 1784 1120 ipsi,
1816 1045 2237 1127 confertissima

223 1138 352 1195 acie
380 1138 600 1195 reiecto
626 1147 826 1195 nostro
856 1137 1135 1211 equitatu,
1169 1135 1459 1211 phalange
1491 1135 1643 1193 facta
1672 1137 1779 1195 sub
1823 1136 2069 1212 primam
2099 1155 2233 1195 nos·

223 1240 372 1287 tram
400 1230 588 1287 aciem
617 1238 1039 1287 successerunt.
2267 1253 2325 1289 10

303 1321 485 1377 XXV.
533 1321 764 1391 Caesar,
793 1321 1045 1395 primum
1089 1336 1213 1389 su0,
1247 1316 1466 1375 deinde
1497 1319 1762 1375 omnium
1800 1336 1873 1375 ex
1910 1329 2232 1395 conspectu

223 1411 462 1469 remotis
491 1411 672 1485 equis,
702 1420 766 1467 ut
800 1420 1052 1485 aequato
1083 1410 1349 1467 omnium
1380 1408 1641 1483 periculo
1674 1426 1840 1483 spem
1869 1409 2037 1484 fugae
2068 1410 2231 1468 tolle-

223 1512 330 1571 ret,
361 1502 691 1559 cohortatus
722 1520 858 1559 suos
887 1503 1172 1575 proelium
1203 1500 1515 1558 commisit.
1590 1499 1805 1556 Milites
1834 1518 1867 1556 e
1896 1500 2031 1557 loco
2060 1517 2230 1575 supe·

224 1593 374 1649 riore
404 1593 530 1667 pilis
561 1594 744 1650 missis
776 1592 940 1650 facile
972 1592 1226 1650 hostiurn
1258 1590 1608 1667 phalangem
1640 1590 2055 1665 perfregerunt.
2144 1592 2233 1647 Ea

225 1682 468 1741 disiecta
507 1683 708 1757 gladiis
751 1682 1038 1741 destrictis
1081 1684 1140 1740 in
1184 1701 1286 1740 eos
1329 1682 1615 1755 impetum
1673 1680 2024 1755 fecerunt!
2052 1681 2229 1739 Gallis
2264 1699 2318 1751 15

223 1792 438 1849 magno
481 1774 556 1831 ad
598 1792 856 1849 pugnam
885 1784 1006 1831 erat
1041 1773 1487 1849 impedimentO,
1520 1770 1685 1846 quod
1726 1771 1983 1847 pluribus
2027 1789 2228 1829 eorum

223 1866 398 1923 scutis
439 1884 561 1923 uno
602 1865 720 1924 ictu
763 1865 1012 1940 pilorum
1053 1866 1334 1923 transfixis
1378 1875 1437 1922 et
1482 1863 1779 1937 colligatis,
1824 1880 1960 1919 cum
2016 1863 2229 1921 ferrum
2288 1894 2299 1903 -

221 1973 284 2013 se
330 1956 663 2028 inflexisset,
711 1975 904 2031 neque
949 1957 1192 2014 evellere
1243 1973 1436 2031 neque
1487 1956 1713 2013 sinistra
1762 1953 2046 2029 impedita
2094 1955 2229 2012 satis

220 2046 539 2106 commode
567 2064 825 2122 pugnare
855 2030 1329 2196 poterant,ln1ulti
1351 2056 1415 2106 ut
1435 2046 1535 2106 diu
1558 2047 1769 2103 iactato
1800 2044 2038 2103 brachio
2061 2062 2227 2128 prae-

219 2148 488 2212 optarent
529 2149 758 2196 scutum
801 2157 978 2196 manu
1022 2140 1137 2196 emi
1164 2149 1284 2196 tere
1327 2149 1386 2196 et
1428 2139 1589 2197 nudo
1641 2157 1887 2216 corpore
1946 2156 2314 2215 pugnare.-2o

217 2228 486 2287 Tandem
519 2229 847 2288 vulneribus
889 2229 1101 2287 defessi
1140 2240 1199 2287 et
1239 2229 1456 2304 pedem
1484 2231 1691 2288 referre
1736 2242 1813 2304 et,
1850 2231 2012 2308 quod
2055 2247 2225 2288 mons

220 2321 452 2378 suberat
498 2321 725 2378 circiter
777 2320 932 2378 mille
989 2339 1281 2396 passuum,
1328 2340 1402 2379 eo
1457 2340 1518 2380 se
1570 2324 1830 2401 recipere
1879 2333 2244 2399 coeperunt„
2284 2385 2297 2395 ‚

221 2411 413 2486 Capto
455 2422 656 2470 monte
700 2422 758 2470 et
799 2411 1248 2470 succedentibus
1291 2414 1519 2484 nostriS,
1552 2415 1683 2474 Boii
1727 2426 1787 2474 et
1826 2416 2077 2492 Tulingi,
2123 2414 2223 2490 qui
2255 2416 2258 2420 '

218 2502 523 2559 hominum
567 2502 795 2560 milibus
838 2502 1065 2560 circiter
1105 2519 1184 2560 xv
1227 2521 1441 2578 agmen
1482 2506 1739 2566 hostium
1769 2507 2122 2567 claudebant
2165 2515 2225 2563 et

217 2593 542 2651 novissimis
589 2592 880 2669 praesidio
925 2604 1106 2664 erant,
1151 2613 1224 2652 ex
1273 2594 1476 2654 itinere
1524 2609 1755 2658 nostros
1798 2601 1975 2658 latere
2019 2606 2219 2673 aperto
2252 2604 2311 2657 ²5
2388 2599 2393 2602 ’

217 2685 468 2759 aggressi
509 2684 944 2756 circumvenire,
977 2694 1036 2742 et
1077 2684 1138 2743 id
1165 2688 1491 2764 conspicati
1524 2691 1801 2762 Helvetii,
1832 2692 1931 2766 qui
1964 2691 2023 2747 in
2052 2706 2217 2746 mon-

216 2785 338 2833 tem
379 2793 505 2833 sese
547 2785 906 2852 receperant,
936 2795 1126 2835 rursus
1169 2778 1378 2838 instare
1412 2790 1472 2839 et
1501 2781 1786 2858 proelium
1828 2782 2218 2855 redintegrare

217 2877 552 2942 coeperunt.
667 2869 920 2926 Romani
974 2887 1258 2928 conversa
1311 2873 1477 2947 signa
1537 2873 1809 2947 bipertito
1867 2873 2214 2930 intulerunt:

215 2958 404 3033 prima
431 2967 489 3016 et
517 2958 778 3022 secunda
799 2960 972 3032 acieS‚
996 2970 1060 3018 ut
1082 2961 1248 3022 victis
1279 2981 1348 3020 ac
1372 2964 1677 3022 summotis
1706 2964 2009 3035 resisteret,
2032 2963 2216 3032 tertia,

215 3059 278 3138 ut
306 3049 607 3108 venientes
635 3051 958 3109 sustineret.
2247 3067 2311 3118 30

419 3229 530 3282 The
551 3229 816 3283 Helvetii
835 3247 934 3286 are
961 3233 1160 3304 ίοζαῖζγ
1185 3233 1449 3304 defeated.
1537 3233 1682 3304 They
1706 3233 2028 3287 surrender.

291 3370 506 3428 XXVI.
529 3371 644 3440 ‚Ita
671 3373 908 3447 ancipiti
938 3373 1161 3448 proelio
1192 3373 1288 3432 diu
1321 3385 1495 3450 atque
1526 3376 1733 3438 acriter
1758 3385 2077 3452 pugnatum
2108 3386 2213 3434 est.

212 3460 444 3520 Diutius
473 3480 610 3522 cum
639 3463 922 3522 sustinere
953 3473 1283 3522 nostrorum
1319 3466 1572 3540 impetus
1610 3484 1730 3524 non
1766 3475 2023 3539 possent,
2054 3465 2215 3522 alteri

210 3569 294 3624 se,
337 3562 400 3610 ut
441 3565 777 3631 coeperant,
820 3555 882 3612 in
923 3564 1188 3614 montem
1235 3567 1601 3630 receperunt,
1644 3556 1803 3613 alteri
1845 3554 1922 3613 ad
1968 3554 2213 3630 impedi·
2300 3549 2303 3554 ’

210 3651 412 3701 menta
439 3654 498 3703 et
525 3663 719 3705 carros
749 3663 885 3704 suos
915 3663 977 3702 se
1007 3645 1392 3704 contulerunt.
1480 3646 1635 3704 Nam
1674 3645 1790 3704 hoc
1818 3655 1943 3705 toto
1973 3645 2213 3720 proeli0,

211 3751 348 3792 curn
391 3737 467 3794 ab
508 3736 650 3794 hora
691 3735 942 3811 septima
981 3734 1065 3793 ad·
1101 3753 1407 3810 vesperum
1450 3747 1770 3812 pugnatum
1818 3739 1906 3808 sit,
1950 3754 2212 3794 aversum
2241 3754 2304 3807 35

211 3825 442 3884 hostem
485 3825 684 3885 videre
728 3843 905 3884 nemo
931 3825 1140 3902 potuit.
1225 3825 1319 3884 Ad
1357 3827 1600 3885 multam
1643 3837 1881 3884 noctem
1920 3827 2095 3885 etiam
2139 3825 2216 3884 ad·
