2796 4207
482 205 609 271 182
1124 223 1233 276 DE
1286 221 1541 276 BELLO
1593 221 1939 276 GALLICO

648 385 897 445 XXVII.
946 388 1186 445 Postero
1208 384 1304 445 die
1322 386 1540 445 Caesar
1558 394 1830 462 promota
1850 385 1987 443 turri
2009 383 2360 458 directisque
2383 384 2576 459 operi·

569 476 697 547 bus,
721 492 873 551 quae
894 476 1085 535 facere
1114 476 1450 548 instituerat,
1474 492 1688 551 magno
1708 486 1916 535 coorto
1937 477 2140 549 imbre,
2163 492 2288 534 non
2308 475 2577 534 inutilem

570 564 722 623 hanc
771 564 849 624 ad
896 565 1253 643 capiendum
1296 566 1603 625 consilium
1654 574 2063 643 tempestatem
2111 566 2415 626 arbitratus
2463 576 2576 639 est,
2679 638 2694 656 ἱ

568 654 735 732 quod
774 657 951 732 paulo
993 657 1281 717 incautius
1320 656 1616 717 custodias
1657 658 1718 715 in
1760 675 1927 716 muro
1969 657 2282 733 dispositas
2313 656 2576 731 videbat,

515 766 542 818 5
568 764 825 823 suosque
858 748 1184 825 languidius
1212 750 1273 807 in
1300 768 1480 825 opere
1509 750 1720 808 versari
1757 749 1920 809 iussit
1947 760 2024 822 et,
2054 748 2199 825 quid
2227 749 2350 808 fieri
2376 749 2576 827 vellet,

570 840 844 901 ostendit.
930 842 1403 918 Legionibusque
1452 844 1601 901 inter
1649 853 1835 901 castra
1873 843 2189 919 vineasque
2232 844 2293 902 in
2334 843 2577 903 occulto

568 931 873 1009 expeditiS,
902 932 1255 1008 cohortatuS,
1285 944 1350 992 ut
1376 932 1692 1009 aliquando
1729 951 1837 1010 pro
1872 934 2042 994 tantis
2084 934 2378 994 laboribus
2419 935 2575 995 fiuc-

568 1033 691 1082 tum
746 1024 1020 1083 victoriae
1086 1025 1473 1101 perciperent,
1529 1025 1617 1096 iis,
1678 1026 1782 1101 qui
1839 1026 2012 1102 primi
2075 1045 2306 1085 murum
2366 1044 2577 1085 ascen-

568 1113 805 1187 dissent,
850 1116 1110 1192 praemia
1150 1116 1455 1193 proposuit
1501 1115 1895 1193 militibusque
1939 1117 2169 1194 signum
2210 1116 2396 1176 dedit.
2479 1118 2580 1177 Illi

483 1226 541 1263 10
568 1205 761 1265 subito
790 1224 864 1264 ex
891 1207 1163 1267 omnibus
1200 1207 1460 1282 partibus
1502 1208 1876 1267 evolaverunt
1917 1226 2266 1283 murumque
2309 1207 2578 1267 celeriter

567 1298 1029 1374 compleverunt.

646 1389 932 1450 XXVIII.
979 1392 1200 1451 Hostes
1225 1410 1288 1451 re
1316 1410 1472 1451 nova
1507 1393 1808 1468 perterriti,
1848 1410 2016 1451 muro
2057 1393 2423 1469 turribusque
2464 1390 2574 1452 de-

566 1482 703 1540 iecti
744 1481 805 1539 in
847 1481 973 1541 foro
1015 1500 1085 1541 ac
1126 1482 1269 1541 locis
1316 1483 1738 1559 patentioribus
1784 1484 2077 1542 cuneatim
2126 1484 2576 1557 constituerunt,

567 1574 684 1634 hoc
726 1574 946 1646 anime,
991 1584 1073 1646 ut,
1114 1574 1163 1634 si
1207 1593 1324 1651 qua
1366 1594 1444 1633 ex
1483 1585 1648 1652 parte
1689 1575 1922 1634 obviam
1963 1576 2268 1647 veniretur,
2312 1575 2440 1633 acie
2485 1576 2576 1634 in-

483 1688 539 1740 15
568 1674 785 1725 structa
825 1664 1249 1741 depugnarent.
1332 1667 1454 1726 Ubi
1485 1666 1781 1725 neminem
1821 1668 1882 1724 in
1919 1684 2170 1742 aequum
2201 1666 2398 1724 locum
2440 1684 2576 1726 sese

501 1779 507 1785 ·
568 1756 894 1830 demittere,
917 1755 1025 1815 sed
1046 1766 1172 1816 toto
1195 1756 1455 1832 undique
1479 1774 1646 1816 muro
1669 1756 2056 1816 circumfundi
2074 1755 2361 1828 viderunt,
2386 1757 2574 1828 veriti,

568 1866 644 1907 ne
673 1848 918 1907 omnino
946 1865 1081 1924 spes
1106 1847 1278 1924 fugae
1306 1848 1616 1920 tolleretur,
1639 1847 1879 1907 abiectis
1905 1846 2078 1905 armis
2105 1846 2335 1906 ultimas
2363 1846 2577 1923 oppidi

566 1950 760 2017 partes
786 1939 1111 1999 continenti
1138 1940 1358 2015 impetu
1388 1940 1734 2017 petiverunt,
1758 1957 2007 2015 parsque
2035 1938 2133 2010 ibi,
2156 1956 2294 1997 cum
2323 1949 2576 2015 angusto

568 2029 726 2090 exitu
754 2041 1050 2109 portarum
1073 2049 1135 2090 se
1156 2029 1268 2108 ipsi
1288 2040 1640 2107 premerent,
1663 2050 1698 2091 a
1718 2031 2009 2102 militibus,
2032 2047 2164 2107 pars
2193 2030 2312 2088 iam
2341 2046 2576 2107 egressa

482 2149 544 2185 20
566 2124 747 2200 portis
788 2126 864 2185 ab
904 2125 1193 2201 equitibus
1234 2134 1323 2183 est
1364 2124 1684 2185 interfecta.
1770 2125 1826 2183 N
1831 2142 1901 2183 ec
1945 2123 2052 2182 fuit
2099 2123 2427 2198 quisquam,
2469 2123 2574 2198 qui

567 2216 821 2292 praedae
855 2216 1129 2277 studeret.
1214 2216 1309 2277 Sic
1336 2226 1397 2277 et
1427 2216 1653 2278 Cenabi
1681 2214 1864 2274 caede
1892 2225 1952 2273 et
1978 2214 2174 2273 labore
2203 2213 2398 2289 operis
2426 2213 2572 2272 inci-

569 2308 671 2368 tati
724 2327 847 2368 non
900 2319 1090 2369 aetate
1143 2309 1448 2382 confectis,
1504 2326 1625 2368 non
1680 2307 2029 2377 mulieribuS,
2079 2323 2202 2363 non
2257 2304 2574 2364 infantibus

570 2412 976 2478 pepercerunt.
1062 2401 1339 2478 Denique
1394 2399 1559 2459 omni
1607 2417 1680 2458 ex
1725 2415 1991 2469 numero,
2041 2397 2141 2472 qui
2189 2396 2297 2455 fuit
2343 2395 2576 2455 circiter

569 2493 791 2552 milium
820 2511 917 2568 XL,
945 2493 1041 2553 vix
1066 2510 1237 2569 Dece,
1270 2492 1369 2569 qui
1401 2491 1588 2568 primo
1626 2490 1880 2548 clamore
1919 2487 2119 2547 audito
2147 2505 2210 2546 se
2239 2505 2316 2546 ex
2342 2487 2574 2564 oppido

483 2595 543 2649 25
570 2585 885 2659 eiecerunt,
908 2585 1233 2645 incolumes
1255 2583 1331 2643 ad
1351 2581 1887 2660 Vercingetorigem
1917 2589 2325 2656 pervenerunt.
2403 2579 2573 2654 Quos

570 2675 662 2735 ille
698 2678 880 2736 multa
917 2677 1030 2736 iam
1068 2685 1245 2736 nocte
1287 2675 1517 2735 silentio
1545 2693 1621 2733 ex
1647 2674 1784 2750 fuga
1810 2671 2059 2748 excepit,
2088 2671 2319 2741 veritus,
2350 2687 2428 2728 ne
2458 2688 2575 2746 qua

570 2769 629 2827 in
646 2769 850 2828 castris
876 2786 949 2827 ex
978 2786 1181 2827 eorum
1210 2785 1496 2826 concursu
1526 2776 1586 2825 et
1612 2762 2007 2824 misericordia
2025 2762 2180 2839 vulgi
2207 2760 2422 2820 seditio
2445 2779 2570 2820 ore-

570 2872 743 2937 retur,
770 2872 854 2935 ut,
882 2860 1087 2938 procul
1112 2860 1173 2918 in
1199 2861 1293 2919 via
1319 2857 1614 2935 dispositis
1641 2856 2010 2916 familiaribus
2038 2855 2155 2914 suis
2191 2853 2573 2930 principibus-

573 2972 688 3032 que
726 2954 1042 3024 civitatum,
1073 2949 1458 3028 disparandos
1500 2946 2002 3023 deducendosque
2039 2945 2115 3004 ad
2149 2963 2286 3004 suos
2329 2953 2570 3016 curaret,

483 3062 547 3114 30
573 3064 723 3123 quae
753 3045 965 3121 cuique
995 3043 1209 3102 civitati
1237 3060 1369 3119 pars
1398 3051 1715 3102 castrorum
1743 3040 1818 3100 ab
1847 3039 2010 3098 initio
2039 3038 2374 3096 obvenerat.

586 3199 995 3270 Vercingetorix
1014 3197 1305 3250 continues
1323 3194 1416 3250 the
1435 3211 1575 3249 war.
1643 3194 1852 3248 Caesar
1859 3195 2006 3263 puts
2023 3190 2191 3245 down
2209 3207 2290 3244 an
2311 3189 2576 3259 apr-tsing

1293 3292 1506 3348 among
1523 3274 1616 3331 the
1637 3272 1847 3328 Aedui.

655 3398 869 3458 XXIX.
914 3398 1153 3455 Postero
1183 3393 1279 3454 die
1308 3392 1561 3452 concilio
1591 3402 1914 3452 convocato
1943 3388 2278 3448 consolatus
2306 3385 2568 3446 cohorta-

576 3500 786 3566 tusque
814 3497 920 3560 est,
948 3505 1025 3546 ne
1053 3503 1117 3546 se
1144 3483 1471 3544 admodum
1513 3484 1710 3542 animo
1753 3481 2142 3552 demitterent,
2173 3498 2248 3538 ne
2277 3477 2570 3555 perturba-

576 3590 777 3638 rentur
814 3575 1211 3637 incommodo.
1300 3576 1442 3634 Non
1474 3575 1680 3633 virtute
1720 3590 1913 3649 neque
1955 3573 2016 3630 in
2054 3570 2180 3630 acie
2213 3570 2420 3628 vicisse
2455 3568 2570 3628 Ro·

579 3687 803 3741 manoe,
832 3668 938 3727 sed
970 3667 1213 3726 artificio
1255 3664 1517 3743 quodam
1545 3676 1606 3723 et
1633 3664 1874 3723 scientia
1909 3660 2385 3738 oppugnationiS,
2413 3658 2571 3718 cuius

492 3769 554 3821 35
579 3757 662 3817 rei
683 3757 892 3816 fuerint
912 3757 1022 3832 ipsi
1042 3757 1309 3834 imperiti.
1378 3756 1602 3828 Errare,
1623 3753 1672 3814 si
1693 3753 1875 3830 quiin
1895 3752 2047 3813 bello
2070 3751 2264 3811 omnis
2285 3747 2571 3809 secundos
