2796 4207
1237 73 1336 127 m>
2304 98 2315 106 .

1056 184 1205 236 LIB.
1251 140 1331 233 11.
1377 178 1546 231 CAP.
1594 173 2059 227 XXVI-XXIX.
2547 182 2595 212 c-

525 368 656 416 rent
701 366 876 430 atque
919 372 992 410 ex
1035 369 1238 409 00111111
1279 347 1621 448 corporibus
1664 351 2024 419 pugnarentj,
2069 340 2157 398 his
2196 337 2439 397 deiectis
2484 344 2541 393 et

531 446 887 509 coacervatis
919 442 1316 511 cadaveribuS,
1349 439 1449 513 qui
1478 444 1863 511 superessent,
1892 444 1957 491 ut
1986 452 2058 489 ex
2088 430 2309 488 tumulo
2338 428 2495 486 tela
2480 446 2541 485 m

532 550 760 599 nostros
821 536 1157 594 conicerent
1207 541 1268 590 et
1322 530 1440 607 pila
1490 530 1807 601 intercepta
1854 525 2247 582 remitterent.
2308 531 2371 577 ut
2420 537 2541 577 non

534 633 890 730 nequiquam
953 637 1143 683 tantae
1189 624 1409 681 virtutis
1459 620 1724 678 homines
1777 616 2017 674 iudicari
2073 614 2315 672 deberet
2371 626 2542 670 ausos

535 742 660 783 0550
711 720 946 781 transire
998 717 1339 774 latissimum
1385 713 1620 772 flumen
1660 709 1975 768 ascendere
2026 706 2325 765 altissimas
2370 682 2541 778 ripas,
2576 724 2599 774 5

537 818 724 875 subire
769 813 1192 888 iniquissimum
1239 808 1453 879 locum,
1485 824 1633 881 quae
1672 803 1856 860 facilia
1888 820 1959 857 ex
1988 797 2335 857 difficillimis
2366 796 2544 852 animi

539 905 874 982 magnitudo
907 903 1227 978 redegerat.
2314 902 2395 959 s

614 998 897 1057 XXVIII.
959 997 1100 1053 Hoc
1152 991 1373 1068 proelio
1428 990 1582 1046 facto
1634 996 1691 1043 et
1742 1002 1923 1061 prope
1974 982 2051 1040 ad
2101 981 2544 1039 internicionem

476 1150 482 1159 ,
523 1101 704 1173 ‘gente
743 1109 812 1145 ac
842 1088 1081 1145 nomine
1117 1083 1465 1142 Nerviorum
1499 1078 1757 1147 10113010,
1790 1077 2034 1133 1113101οε
2064 1084 2221 1144 natu,
2252 1089 2401 1147 quos
2432 1088 2546 1127 una

459 1182 466 1189 ’
535 1202 670 1239 011111
713 1182 907 1257 pueris
952 1178 1402 1249 mulieribusque
1449 1172 1508 1227 in
1554 1168 1832 1227 aestuaria
1861 1186 1929 1224 ac
1966 1164 2213 1241 paludes
2244 1163 2543 1221 coniectos
2580 1188 2633 1223 1ο

537 1272 885 1341 dixeramus,
915 1271 1026 1327 hac
1065 1288 1262 1345 pugna
1290 1264 1570 1332 nuntiata,
1608 1279 1743 1317 011111
1777 1250 2087 1315 victoribus
2118 1255 2257 1313 nihil
2297 1252 2541 1329 impedi-

540 1374 680 1435 tum,
711 1363 874 1419 victis
903 1363 1043 1419 nihil
1071 1372 1259 1419 tutum
1289 1358 1715 1423 arbitrarentur,
1751 1350 2029 1418 omnium,
2058 1348 2157 1423 qui
2188 1356 2541 1421 supererant,

541 1471 831 1511 consensu
860 1453 1078 1527 legatos
1107 1451 1184 1509 ad
1215 1452 1525 1510 Caesarem
1560 1444 1837 1502 miserunt
1866 1456 2045 1515 seque
2078 1440 2131 1496 ei
2175 1436 2545 1508 dediderunt,

541 1556 600 1603 et
648 1545 708 1602 in
762 1542 1280 1602 commemoranda
1334 1540 1579 1598 civitatis
1638 1535 1961 1593 calamitate
2016 1551 2088 1590 ex
2134 1530 2425 1588 sexcentis
2470 1528 2547 1586 ad

543 1647 657 1694 tres
701 1645 1014 1706 senatores,
1057 1652 1130 1691 ex
1176 1634 1480 1691 hominum
1524 1630 1755 1688 milibus
1798 1645 1876 1687 Lx
1914 1625 2010 1685 vix
2050 1623 2123 1681 ad
2176 1624 2543 1697 quingentos,
2584 1638 2635 1689 ¹5

545 1728 643 1802 qui
677 1746 836 1785 arma
878 1728 1021 1783 ferre
1063 1734 1317 1799 possent,
1351 1742 1477 1780 sese
1520 1721 1789 1797 redactos
1832 1737 1959 1779 esse
2002 1716 2290 1775 dixerunt.
2377 1713 2544 1787 Quos

546 1818 775 1890 Caesar,
807 1828 871 1875 ut
913 1819 972 1875 in
1013 1817 1253 1875 miseros
1297 1835 1366 1872 ac
1411 1814 1699 1888 supplices
1729 1831 1864 1869 usus
1895 1806 2289 1867 misericordia
2319 1804 2541 1862 videre·

542 1918 650 1980 tur,
680 1908 1115 1983 diligentissime
1161 1906 1521 1963 conservavit
1563 1905 1795 1979 suisque
1840 1902 2048 1960 finibus
2092 1910 2265 1975 atque
2300 1896 2533 1973 oppidis

545 2001 628 2057 uti
671 2000 830 2057 iussit
873 2009 932 2055 et
973 1997 1224 2055 finitimis
1268 1997 1586 2073 imperavit,
1617 2005 1681 2054 ut
1709 1995 1784 2054 ab
1812 1994 2015 2053 iniuria
2054 2003 2111 2051 et
2155 1986 2441 2051 maleficio
2474 2008 2533 2047 50

545 2109 796 2164 suosque
828 2088 1222 2164 prohiberent.
2578 2105 2637 2140 20

583 2323 692 2377 The
716 2325 1018 2378 Aduata‘ct‘
1027 2321 1236 2396 guther
1259 2325 1322 2378 in
1347 2327 1449 2378 one
1473 2323 1807 2395 strongltold,
1839 2321 2023 2377 which
2057 2323 2267 2378 Caesar
2291 2321 2535 2394 besieges.

631 2489 846 2546 XXIX.
892 2487 1198 2559 Aduatuci,
1231 2488 1306 2547 de
1350 2489 1558 2564 quibus
1601 2507 1773 2564 supra
1814 2488 2164 2565 scripsimus,
2195 2507 2330 2546 cum
2356 2489 2544 2547 omni-

551 2580 656 2637 bus
699 2580 882 2654 copiis
925 2581 1134 2638 auxilio
1180 2581 1407 2639 Nerviis
1450 2583 1729 2653 venirent,
1775 2581 1883 2639 hac
1934 2601 2131 2658 pugna
2172 2582 2449 2640 nuntiata·
2474 2600 2545 2639 ex

546 2669 746 2727 itinere
790 2669 1034 2728 domum
1067 2681 1462 2736 reverterunt:
1508 2673 1733 2730 cunctis
1764 2672 1997 2748 oppidis
2033 2672 2395 2746 castellisque
2440 2671 2537 2728 dc„

547 2761 708 2818 sertis
751 2780 856 2819 sua
897 2763 1096 2820 omnia
1136 2762 1196 2820 in
1227 2781 1409 2819 unum
1450 2763 1734 2838 oppidum
1766 2765 1997 2840 egregie
2028 2775 2231 2822 natura
2260 2763 2544 2821 munitum

550 2852 933 2909 contulerunt.
1019 2852 1200 2927 Quod
1255 2871 1392 2910 cum
1448 2872 1521 2910 ex
1571 2855 1839 2914 omnibus
1892 2856 1950 2912 in
1996 2855 2237 2912 circuitu
2293 2854 2546 2929 partibus
2580 2873 2601 2905 2
2610 2873 2634 2924 5

547 2941 846 3000 altissimas
887 2961 1058 3016 rupes
1102 2943 1533 3021 despectusque
1579 2948 1835 3017 haberet,
1868 2967 1983 3005 una
2024 2965 2097 3003 ex
2138 2955 2299 3020 parte
2344 2944 2546 3002 leniter

547 3034 774 3092 acclivis
803 3033 992 3092 aditus
1015 3035 1074 3093 in
1101 3035 1469 3097 latitudinem
1491 3058 1613 3097 non
1636 3040 1880 3114 amplius
1909 3038 2296 3096 ducentorum
2324 3037 2547 3114 pedum

545 3125 1010 3200 relinquebatur3
1070 3145 1248 3202 quem
1291 3130 1487 3188 locum
1533 3131 1753 3206 duplici
1795 3131 2067 3188 altissimo
2114 3148 2279 3188 muro
2320 3130 2545 3188 munie-

543 3227 671 3275 rant
695 3238 707 3275 :
754 3227 878 3276 tum
906 3223 1102 3296 magni
1148 3223 1426 3299 ponderis
1446 3243 1593 3282 saxa
1622 3234 1679 3281 et
1708 3231 2045 3300 praeaputas
2074 3223 2261 3281 trabes
2290 3222 2350 3280 in
2379 3239 2547 3280 muro

543 3307 928 3412 collocabant.
1016 3314 1138 3390 Ipsi
1189 3326 1352 3373 erant
1398 3333 1471 3373 ex
1522 3315 1771 3374 Cimbris
1814 3315 2215 3388 Teutonisque
2260 3314 2545 3389 prognati,
2575 3337 2629 3386 5

546 3417 668 3504 qui,
691 3419 828 3460 cum
870 3403 978 3463 iter
1020 3406 1080 3464 in
1123 3406 1483 3482 provinciam
1512 3416 1769 3464 nostram
1798 3417 1971 3481 atque
2002 3405 2229 3463 Italiam
2272 3405 2544 3477 facerent,

544 3509 626 3593 015
653 3494 1106 3576 1111ρο(11111011115,
1139 3516 1289 3573 quae
1321 3517 1521 3556 secum
1552 3516 1723 3573 agere
1752 3516 1821 3555 ae
1850 3508 2078 3573 portare
2108 3515 2230 3555 non
2258 3505 2543 3571 poterant,

545 3593 686 3640 citra
726 3585 944 3647 flumen
976 3588 1252 3647 Rhenum
1295 3589 1575 3664 depositis
1606 3588 1933 3648 custodiam
1962 3607 2035 3647 ex
2064 3589 2177 3647 suis
2220 3607 2289 3647 ac
2332 3589 2543 3664 praesi-

545 3671 706 3733 dium
750 3696 853 3736 sex
898 3679 1052 3737 milia
1095 3681 1396 3738 hominum
1440 3699 1558 3738 una
1586 3681 1951 3756 reliquerunt.
2040 3681 2123 3738 Hi
2167 3690 2357 3776 post
2342 3699 2455 3730 ew.-

545 3765 768 3832 obitum
812 3770 1028 3828 multos
1071 3789 1257 3830 annos
1292 3789 1326 3828 a
1361 3771 1618 3830 finitimis
1648 3771 1935 3848 exagitati,
1969 3791 2037 3844 m
2048 3792 2097 3810 ‚-
2251 3843 2358 3856 w
2365 3757 2445 3860 ‘j
