2796 4207
773 263 920 315 LIB.
970 264 1049 316 11.
1095 264 1261 317 CAP.
1306 264 1757 325 xxx-xxxv.
1842 306 1869 313 -.
2212 248 2293 311 91

91 442 96 446 ·
193 444 483 485 armorum
504 425 918 502 adaequarent,
943 436 1001 483 et
1030 435 1228 483 tamen
1250 426 1479 483 circiter
1505 436 1666 502 parte
1697 427 1883 499 tertia,
1905 438 1973 485 ut
2000 436 2206 504 postea

191 527 565 594 perspectum
607 529 712 590 est,
743 517 933 576 celata
959 528 1135 591 atque
1173 517 1234 574 in
1276 515 1503 592 oppido
1544 526 1786 590 retenta,
1816 517 1999 593 portis
2042 528 2202 594 pate-

190 610 353 667 factis
382 626 458 667 eo
487 607 583 667 die
612 626 760 685 pace
791 616 924 667 sunt
955 608 1060 666 usi.

268 700 556 759 XXXIII.
617 700 736 759 Sub
776 716 1083 774 vesperum
1127 699 1344 758 Caesar
1385 707 1583 773 portas
1627 699 1821 757 claudi
1879 700 2204 775 militesque

188 808 264 848 ex
292 789 520 865 oppido
549 790 706 849 exire
735 790 915 861 iussit,
948 807 1020 847 ne
1052 807 1228 863 quam
1257 799 1441 847 noctu
1482 788 1767 865 oppidani
1812 789 1887 847 ab
1932 792 2204 851 militibus
2238 814 2264 867 5

187 880 456 938 iniuriam
485 881 841 955 acciperent.
930 880 1036 952 Illi,
1067 890 1200 937 ante
1230 880 1395 952 inito,
1429 889 1492 937 ut
1527 879 1887 937 intellectum
1919 892 2025 953 est,
2057 900 2199 939 con·

185 972 334 1043 sili0‚
365 972 529 1046 quod
574 971 877 1030 deditione
919 972 1074 1029 facta
1101 981 1328 1030 nostros
1368 970 1657 1045 praesidia
1702 970 2063 1031 deducturos
2105 985 2203 1033 aut

185 1062 447 1137 denique
477 1062 871 1138 indiligentius
901 1072 1222 1121 servaturos
1251 1062 1641 1133 crediderant,
1673 1064 1883 1137 partim
1927 1082 2063 1122 cum
2096 1064 2200 1137 his,

183 1172 339 1228 quae
384 1154 741 1213 retinuerant
782 1165 842 1212 et
883 1154 1228 1225 celaverant,
1257 1154 1450 1226 armiS,
1498 1155 1707 1229 partim
1738 1156 1914 1213 scutis
1958 1173 2031 1213 ex
2072 1174 2197 1213 cor·

183 1247 303 1305 tice
350 1246 516 1305 factis
564 1256 664 1304 aut
708 1247 1016 1306 viminibus
1066 1247 1314 1318 intextiS,
1363 1264 1515 1321 quae
1564 1248 1773 1319 subit0,
1819 1258 1883 1306 ut
1924 1249 2200 1323 temporis
2238 1274 2293 1311 10

182 1337 471 1412 exiguitas
520 1337 870 1413 postulabat,
916 1336 1162 1411 pellibus
1207 1336 1573 1409 induxerant,
1621 1338 1789 1395 tertia
1830 1338 2037 1413 vigilia,
2083 1357 2200 1414 qua

183 1426 430 1487 minime
480 1427 694 1486 arduus
741 1426 817 1485 ad
874 1436 1098 1486 nostras
1141 1427 1495 1485 munitiones
1549 1446 1825 1487 ascensus
1875 1428 2195 1502 videbatur,

95 1577 106 1585 ,
183 1519 462 1579 omnibus
513 1520 699 1594 copiis
748 1518 1054 1593 repentino
1105 1536 1178 1575 ex
1223 1518 1449 1593 oppido
1502 1519 1869 1593 eruptionem
1915 1520 2194 1579 fecerunt.

183 1610 488 1683 Celeriter,
539 1620 604 1667 ut
652 1619 786 1668 ante
844 1610 1059 1669 Caesar
1109 1610 1435 1685 imperarat,
1490 1611 1719 1685 ignibus
1775 1611 2197 1687 significatione

182 1703 359 1773 facta,
390 1720 461 1760 ex
503 1701 780 1777 proximis
824 1700 1074 1767 castellis
1113 1718 1186 1758 eo
1231 1718 1585 1759 concursum
1622 1711 1726 1774 est,
1758 1710 2195 1777 pugnatumque
2232 1721 2288 1772 15

182 1793 258 1851 ab
307 1792 568 1851 hostibus
611 1792 689 1850 ita
729 1792 935 1849 acriter
977 1800 1082 1863 est,
1113 1801 1178 1849 ut
1205 1809 1240 1849 a
1269 1792 1401 1849 viris
1431 1792 1671 1851 fortibus
1700 1793 1759 1849 in
1792 1802 2053 1849 extrema
2092 1811 2194 1868 spe

182 1884 385 1942 salutis
425 1884 628 1958 iniquo
672 1883 804 1942 loco
846 1893 1052 1942 contra
1094 1891 1216 1954 eos,
1248 1884 1453 1958 quiex
1479 1883 1629 1941 vallo
1672 1884 2040 1959 turribusque
2083 1885 2198 1942 tela

181 1976 462 2046 iacerent,
494 1974 738 2050 pugnari
781 1973 1000 2047 debuit,
1033 1992 1170 2032 cum
1217 1974 1275 2032 in
1318 1992 1436 2031 una
1462 1974 1668 2032 virtute
1699 1974 1889 2033 omnis
1930 1992 2065 2050 spes
2107 1994 2194 2033 sa-

182 2066 321 2125 lutis
376 2067 734 2126 consisteret.
841 2064 1066 2125 Occisis
1125 2064 1201 2124 ad
1258 2064 1562 2123 hominum
1619 2064 1849 2126 milibus
1905 2076 2193 2143 quattuor,

181 2157 389 2233 reliqui
420 2158 481 2216 in
509 2156 794 2232 oppidum
824 2156 1022 2214 reiecti
1056 2166 1206 2214 sunt.
1295 2155 1582 2214 Postridie
1620 2156 1743 2215 eius
1779 2156 1897 2215 diei
1939 2158 2194 2216 refractis
2226 2185 2286 2220 20

180 2249 387 2325 portiS,
418 2267 556 2306 cum
586 2249 700 2306 iam
744 2246 1086 2306 defenderet
1116 2265 1313 2319 nemo,
1344 2256 1521 2321 atque
1552 2246 1891 2306 intromissis
1920 2247 2193 2306 militibus

180 2339 397 2399 nostris
425 2339 748 2398 sectionem
778 2337 900 2396 eius
923 2337 1129 2413 oppidi
1158 2338 1483 2396 universam
1512 2337 1729 2396 Caesar
1750 2338 2030 2396 vendidit.
2102 2338 2194 2397 Ab

181 2431 289 2502 eiS,
320 2430 421 2506 qui
451 2438 730 2500 emerant,
755 2429 1010 2505 capitum
1039 2446 1314 2487 numerus
1343 2427 1422 2486 ad
1452 2427 1587 2486 eum
1616 2428 1825 2487 relatus
1855 2437 1943 2488 est
1972 2428 2193 2486 milium

182 2521 610 2596 quinquaginta
638 2520 827 2578 trium.

292 2699 538 2753 Several
557 2705 730 2752 states
755 2698 930 2769 along
950 2695 1042 2751 tlte
1064 2703 1218 2751 coast
1238 2714 1337 2750 are
1361 2695 1618 2750 subdu-ed
1635 2697 1699 2766 by
1725 2697 1793 2750 P.
1821 2696 2083 2752 Crassus.

265 2812 537 2871 XXXIV.
600 2810 830 2870 Eodem
881 2821 1146 2885 tempore
1201 2829 1236 2868 a
1285 2810 1490 2869 Publio
1540 2810 1769 2883 CraSSO,
1826 2828 2003 2885 quem
2054 2829 2190 2868 cum
2221 2839 2247 2874 2
2256 2839 2280 2892 5

181 2903 415 2978 legione
445 2920 563 2960 una
590 2903 820 2960 miserat
849 2901 926 2959 ad
948 2902 1226 2972 Venetos,
1256 2901 1551 2972 Venellos,
1574 2903 1856 2977 Osismos,
1875 2901 2188 2960 Curiosoli-

183 3007 290 3068 taS,
337 2996 607 3070 Esubios,
632 2995 932 3066 AulerCOS,
977 2993 1278 3067 Redones,
1321 3012 1473 3068 quae
1517 3003 1648 3051 sunt
1691 2994 2010 3052 maritimae
2055 2995 2189 3052 civi·

183 3098 330 3146 tates
382 3086 806 3160 Oceanumque
849 3085 1154 3160 attingunt,
1199 3085 1409 3142 certior
1451 3084 1635 3142 sactus
1690 3094 1795 3157 est,
1840 3103 2047 3143 omnes
2093 3103 2191 3143 eas

183 3177 444 3235 civitates
501 3177 560 3234 in
611 3175 908 3235 dicionem
963 3185 1435 3251 potestatemque
1491 3175 1693 3251 populi
1745 3175 2000 3234 Romani
2062 3193 2189 3234 esse

179 3267 467 3326 redactas
2216 3301 2277 3352 30

194 3447 247 3500 T
238 3445 306 3501 he
326 3448 575 3501 German
598 3447 765 3500 tribes
783 3463 882 3500 are
900 3445 1211 3516 impressed
1225 3446 1256 3498 b
1243 3463 1290 3514 y
1317 3445 1573 3499 Caesar’s
1592 3446 1891 3509 victorie&
1918 3444 2009 3499 the
2026 3461 2189 3513 army

194 3544 323 3598 goes
349 3529 468 3582 into
493 3527 708 3582 winter
729 3533 1031 3597 quarters,·
1069 3545 1106 3580 a
1131 3525 1549 3596 thanksgivt'ngr
1572 3528 1622 3579 is
1646 3525 1876 3580 decreed
1893 3533 1960 3579 at
1981 3526 2169 3578 Rome.

265 3684 500 3742 XXXV.
547 3683 660 3741 His
700 3683 874 3741 rebus
913 3681 1088 3757 gestis
1129 3681 1292 3739 omni
1335 3681 1522 3740 Gallia
1564 3690 1790 3756 pacata,
1820 3689 1981 3739 tanta
2019 3679 2188 3738 huius

188 3773 316 3832 belli
343 3774 420 3834 ad
447 3775 724 3835 barbaros
753 3773 953 3848 opinio
981 3772 1200 3846 perlata
1221 3782 1326 3842 est,
1349 3773 1435 3841 uti
1461 3773 1535 3830 ab
1557 3773 1640 3830 eis
1661 3771 2009 3842 nationibuS,
2034 3787 2185 3844 quae

189 3873 337 3924 trans
383 3865 664 3924 Rhenum
709 3863 1046 3934 incolerent,
1094 3862 1456 3920 mitterentur
1502 3862 1675 3936 legati
1720 3861 1798 3918 ad
1849 3860 2181 3928 Caesarem,
