2796 4207
1356 0 1556 18 ψ.

995 197 1140 251 LIB.
1184 197 1226 250 1.
1269 197 1435 252 CAP.
1469 197 1673 250 11-V1.
2296 185 2381 248 49

275 380 419 420 suae
463 360 710 420 civitatis
750 359 1059 436 imperium
1097 358 1440 417 obtenturus
1470 367 1659 431 esset3
1702 376 1824 417 non
1853 376 1979 418 esse
2021 359 2285 434 dubium,

274 455 425 528 quin
451 453 630 511 totius
661 452 882 512 Galliae
910 451 1224 526 plurimum
1254 449 1512 508 Helvetii
1540 459 1781 525 possent
1800 449 1847 522 ,s
1864 468 1927 509 se
1958 451 2073 510 suis
2100 454 2287 528 copiis

272 560 506 619 suoque
556 543 813 600 exercitu
856 541 962 610 illis
1009 559 1188 616 regna
1233 540 1673 600 conciliaturum
1720 538 2118 610 confirmat&
2148 544 2286 602 Hac

272 635 546 693 oratione
576 633 815 692 adducti
843 633 990 690 inter
1017 650 1079 690 se
1109 629 1290 690 fidem
1319 641 1378 691 et
1405 630 1804 691 iusiurandum
1833 631 1993 706 dan't,
2017 644 2077 693 et
2102 652 2286 711 regno

270 733 573 801 occupato
601 741 706 801 per
734 733 846 782 tres
875 723 1310 799 potentissimos
1337 741 1413 781 ac·
1436 723 1799 782 firmissimos
1826 725 2079 800 populos
2108 727 2284 786 totius
2315 740 2342 794 5

269 817 502 874 Galliae
532 833 658 886 sese
687 815 859 892 potiri
887 831 1070 890 posse,
1089 819 1340 889 sperant.
1455 822 1465 828 ’
1654 823 1689 844 ”
1764 841 1771 848 ·

358 907 463 964 IV.
509 907 602 964 Ea
627 923 717 967 res
747 897 840 964 ests
864 897 1150 963 Helv'etiis
1177 922 1284 980 per
1303 903 1587 962 indicium
1616 906 1931 982 enuntiata.
2016 907 2283 968 Moribus

269 997 393 1056 suis
424 997 826 1073 Orgetorigem
850 1014 932 1054 ex
957 995 1158 1054 vinclis
1187 1014 1425 1054 causam
1454 989 1650 1054 dicere
1680 985 2014 1072 coegerunt.
2099 998 2281 1056 Dam-
2314 1038 2321 1046 -

267 1096 478 1146 natum
522 1105 779 1163 poenam
825 1088 992 1163 sequi
1037 1087 1362 1162 oportebat,
1408 1096 1473 1145 ut
1527 1087 1647 1162 igni
1691 1098 2059 1146 cremaretur.
2167 1089 2281 1148 Die

267 1179 593 1238 constituta
637 1197 848 1238 causae
904 1177 1175 1236 dictionis
1221 1177 1531 1254 Orgetorix
1584 1177 1662 1236 ad
1716 1178 1997 1237 iudicium
2040 1195 2281 1238 omnem
2310 1199 2371 1238 ιο

267 1289 440 1328 suam
469 1269 764 1342 familiam,
791 1268 870 1327 ad
901 1268 1206 1328 hominum
1234 1269 1390 1326 milia
1421 1261 1650 1342 decem,
1684 1268 1948 1345 undique
1978 1271 2190 1346 coegit,
2221 1281 2281 1330 et

265 1379 484 1420 omnes
525 1361 768 1420 clientes
808 1360 1232 1435 obaeratosque
1275 1378 1431 1432 suOS,
1461 1378 1712 1435 quorum
1754 1379 2031 1436 magnum
2072 1379 2277 1421 nume-

263 1473 400 1511 rum
431 1453 712 1525 habebat,
743 1451 955 1511 eodem
985 1451 1267 1511 conduxit
1286 1473 1304 1525 3
1347 1469 1454 1527 per
1496 1469 1619 1523 eOS‚
1646 1469 1723 1510 ne
1757 1469 1993 1510 causam
2036 1451 2275 1525 diceret,

263 1563 332 1604 se
363 1545 590 1620 eripuit.
675 1545 826 1604 Cum
857 1544 1054 1603 civitas
1083 1544 1163 1601 ob
1193 1561 1324 1602 eam
1351 1561 1479 1604 rem
1506 1543 1745 1602 incitata
1786 1544 1955 1602 armis
1991 1545 2079 1602 ius
2106 1563 2274 1602 suum

263 1635 512 1711 exsequi
541 1644 864 1706 conaretur,
891 1633 1443 1710 multitudinemque
1482 1633 1789 1692 hominum
1816 1652 1893 1692 ex
1919 1635 2066 1710 agris
2094 1635 2273 1710 magi·
2308 1659 2327 1694 ι
2336 1653 2362 1708 5

263 1736 478 1786 stratus
507 1735 801 1802 cogerent,
825 1724 1134 1800 Orgetorix
1152 1734 1413 1784 mortuus
1432 1734 1519 1784 est
1539 1745 1557 1797 3
1587 1743 1781 1800 neque
1810 1725 1976 1784 abest
2002 1726 2272 1802 suspicio,

262 1827 332 1876 ut
363 1817 621 1877 Helvetii
649 1817 1010 1890 arbitrantur,
1041 1815 1182 1892 quin
1214 1817 1340 1892 ipse
1370 1815 1479 1875 sibi
1506 1825 1759 1874 mortem
1789 1815 2151 1876 consciverit.

273 2013 392 2068 Tlte
413 2013 675 2068 Helvetii
684 2020 784 2084 get
808 2011 978 2086 ready
988 2030 1020 2076 ,·
1055 2011 1181 2082 they
1193 2010 1345 2082 plan
1371 2019 1429 2066 to
1445 2029 1521 2082 go
1544 2010 1787 2083 through
1814 2011 1905 2067 tlte
1928 2013 2222 2067 Province.

345 2150 415 2208 V.
463 2150 604 2207 Post
631 2147 756 2207 eius
784 2156 1032 2205 mortem
1059 2145 1242 2205 nihilo
1261 2143 1475 2206 ,minus
1519 2146 1795 2205 Helvetii*
1814 2146 1895 2220 id,
1926 2148 2089 2223 quod
2130 2168 2271 2209 con-

263 2240 586 2310 stituerant,
609 2238 799 2297 facere
829 2246 1130 2310 conantur,
1160 2246 1230 2295 ut
1253 2255 1286 2295 e
1313 2237 1528 2296 finibus
1558 2238 1674 2295 suis
1704 2238 1932 2297 exeant.
2016 2240 2137 2299 Ubi
2158 2240 2273 2299 iarn

263 2349 326 2389 se
356 2329 435 2388 ad
476 2348 608 2387 eam
637 2338 768 2387 rem.
790 2339 1022 2404 paratos
1051 2346 1178 2387 esse
1207 2328 1460 2387 arbitrati
1488 2338 1639 2401 sunt,
1669 2329 1893 2404 oppida
1920 2348 2025 2388 sua
2056 2331 2271 2405 omnia,
2302 2359 2363 2396 20

261 2438 511 2479 numero
539 2419 618 2478 ad
645 2419 984 2491 duodecim,
1009 2419 1168 2483 vicos
1196 2416 1273 2476 ad
1303 2417 1777 2494 quadringentos,
1806 2420 2027 2495 reliqua
2053 2422 2274 2497 privata

263 2511 533 2570 aedificia
586 2509 928 2582 incendunt,
989 2510 1342 2568 frumentum
1402 2526 1599 2581 omne,
1644 2520 2051 2586 praeterquam
2109 2512 2272 2587 quod

263 2620 465 2660 secum
508 2602 788 2677 portaturi
829 2610 1011 2672 erant,
1041 2601 1412 2672 comburunt,
1444 2611 1508 2657 ut
1549 2600 1797 2659 domum
1828 2602 2136 2662 ⁴'reditionis
2166 2622 2271 2678 spe

264 2694 488 2753 sublata
515 2693 830 2768 paratiores
859 2692 938 2750 ad
967 2691 1168 2750 omnia
1194 2690 1451 2765 pericula
1482 2691 1788 2750 subeunda
1816 2702 2011 2754 essent
2031 2714 2049 2767 3
2094 2694 2270 2753 trium

265 2802 534 2843 mensum
577 2774 776 2841 molita
817 2781 1032 2841 cibaria
1074 2782 1181 2839 sibi
1229 2799 1526 2856 quemque
1570 2782 1753 2841 domo
1798 2784 1999 2842 efferre
2045 2784 2265 2845 iubent.
2298 2803 2359 2856 25

267 2873 626 2933 Persuadent
667 2873 932 2931 Ram-icis
977 2882 1036 2930 et
1077 2872 1338 2947 Tulingis
1382 2881 1443 2930 et
1493 2873 1815 2949 Latobrigis
1866 2874 2139 2948 finitimis,
2188 2871 2271 2935 uti

265 2965 480 3024 eodem
509 2966 596 3023 usi
625 2964 870 3023 consilio
899 2962 1134 3039 oppidis
1164 2964 1280 3021 suis
1309 2963 1569 3039 vicisque
1601 2964 1817 3023 exustis
1850 2983 1967 3023 una
2008 2983 2143 3024 cum
2186 2968 2269 3026 eis

263 3056 742 3131 proficiscantur3
787 3055 1102 3129 Boiosque,
1134 3054 1238 3127 qui
1279 3062 1437 3111 trans
1482 3054 1760 3113 Rhenum
1804 3056 2169 3115 incoluerant
2211 3067 2271 3116 et

41 3142 52 3149 ⁴
99 3176 106 3181 ·
156 3135 178 3195 'T
263 3148 323 3203 in
365 3162 567 3221 agrum
611 3146 894 3205 Noricum
924 3144 1267 3203 transierant
1297 3144 1695 3221 Noreiamque
1726 3157 2149 3222 oppugnarant‚
2180 3166 2266 3207 re-

265 3244 469 3311 ceptos
497 3236 575 3295 ad
604 3254 666 3295 se
695 3236 890 3294 socios
919 3236 1028 3295 sibi
1057 3234 1411 3293 adsciscunt.
2294 3262 2359 3313 30

341 3328 451 3385 VI.
514 3326 696 3385 Erant
750 3327 994 3385 omnino
1036 3327 1240 3384 itinera
1281 3325 1421 3397 du0,
1466 3325 1677 3401 quibus
1732 3327 2031 3389 itineribus
2084 3329 2269 3390 domo

209 3446 244 3472 ‚a
265 3419 420 3475 exire
465 3426 741 3493 possent:
787 3436 970 3475 unum
1019 3434 1125 3491 per
1173 3416 1493 3490 Sequanos,
1546 3426 1855 3493 angustum
1906 3428 1964 3477 et
2011 3419 2267 3493 difficile,

263 3510 413 3567 inter
455 3518 719 3567 montem
762 3508 957 3565 Iuram
999 3517 1060 3564 et
1099 3506 1317 3565 flumen
1360 3506 1740 3581 Rhodanum,
1769 3509 1866 3566 vix
1906 3528 2023 3585 qua
2063 3512 2270 3587 singuli

265 3600 406 3657 carri
427 3599 777 3659 ducerentur
799 3620 816 3671 3
845 3616 1016 3657 mons
1033 3606 1230 3656 autem
1253 3594 1562 3655 altissimus
1590 3598 1989 3674 impendebat,
2014 3611 2079 3660 ut
2100 3602 2266 3661 facile

263 3692 543 3765 perpauci
565 3690 872 3765 prohibere
901 3699 1142 3764 possent
1163 3710 1178 3760 3
1208 3688 1451 3746 alterum
1473 3706 1579 3763 per
1605 3689 1965 3763 provinciam
1986 3702 2265 3766 nostram,
2294 3720 2356 3773 35

264 3782 449 3839 multo
491 3781 712 3839 facilius
754 3790 930 3855 atque
974 3778 1320 3855 expeditiUS,
1363 3789 1677 3853 propterea
1716 3780 1881 3853 quod
1931 3782 2080 3839 inter
2120 3784 2266 3843 fines

1250 3886 1283 3935 4
