2796 4207
663 251 808 303 LIB.
856 252 957 305 IV.
1002 251 1170 304 CAP.
1215 252 1838 326 xxxm-xxxvu.
2165 233 2289 300 121

175 419 264 475 sui
293 413 587 473 liberandi
618 415 859 472 facultas
901 412 1149 486 daretur,
1180 415 1228 472 si
1258 416 1564 473 Romanos
1599 416 1798 474 castris
1828 415 2199 491 expulissent,

174 508 745 566 demonstraverunt.
862 505 975 562 His
1023 506 1195 563 rebus
1245 506 1509 563 celeriter
1564 524 1778 582 magna
1831 505 2200 564 multitudine

170 601 475 677 peditatus
520 599 926 674 equitatusque
970 607 1176 656 coacta
1216 596 1294 654 ad
1336 608 1523 656 castra
1565 609 1864 656 venerunt.

253 692 502 749 XXXV.
588 690 805 748 Caesar
832 689 939 746 etsi
978 687 1157 760 idem,
1189 687 1352 763 quod
1382 689 1772 764 superioribus
1806 688 2014 747 diebus
2043 688 2195 746 acci-

166 784 362 857 derat,
409 783 533 841 fore
577 780 827 854 videbat,
860 790 941 852 ut,
973 780 1023 838 si
1062 789 1257 837 essent
1300 780 1498 838 hostes
1531 781 1698 856 pulsi,
1718 780 2012 837 celeritate
2047 780 2187 855 peri·
2228 801 2255 854 5

165 876 377 934 culum
406 874 759 950 effugerent,
804 882 1002 930 tamen
1049 883 1255 930 nactus
1312 873 1538 947 equites
1583 873 1810 930 circiter
1856 889 2000 942 xxx,
2049 890 2199 946 quos

166 967 491 1026 Commius
530 965 791 1036 AtrebaS,
825 963 901 1022 cle
932 982 1052 1039 quo
1091 974 1226 1020 ante
1266 963 1491 1022 dictum
1528 973 1633 1036 est,
1671 981 1872 1021 secum
1908 973 2196 1038 transpor-

165 1067 414 1128 taverat,
467 1057 727 1132 legiones
773 1055 835 1112 in
885 1055 1011 1110 acie
1054 1073 1162 1129 pro
1205 1055 1404 1112 castris
1446 1055 1763 1112 constituit.
1864 1054 2197 1112 Commisso
2267 1084 2291 1102 π

166 1149 402 1225 proelio
432 1147 649 1206 diutius
677 1157 1009 1204 nostrorum
1048 1146 1295 1203 militum
1338 1146 1624 1222 impetum
1663 1146 1860 1204 hostes
1887 1145 2032 1204 ferre
2075 1163 2197 1203 non

166 1249 495 1316 potuerunt
517 1258 586 1296 ac
615 1249 777 1314 terga
794 1247 1106 1296 verterunt.
1181 1237 1345 1311 Quos
1368 1245 1532 1295 tanto
1561 1238 1750 1313 spatio
1780 1237 1982 1310 secuti,
2008 1254 2188 1310 quan-
2229 1264 2286 1300 10

165 1341 301 1388 tum
325 1349 499 1388 cursu
527 1340 587 1388 et
614 1329 827 1388 viribus
855 1327 1085 1386 efficere
1115 1339 1448 1403 potuerunt,
1479 1327 1808 1404 complures
1837 1346 1910 1386 ex
1940 1329 2006 1385 iis
2035 1328 2190 1385 occi-

166 1421 409 1492 derunt,
446 1420 662 1478 deinde
707 1421 979 1478 omnibus
1021 1419 1196 1494 longe
1237 1419 1468 1494 lateque
1512 1419 1794 1478 aedificiis
1835 1420 2086 1478 incensis
2128 1438 2192 1480 se

164 1515 233 1571 in
278 1524 469 1570 castra
507 1521 874 1586 receperunt.

254 1603 533 1661 XXXVI.
581 1602 815 1660 Eodem
844 1602 939 1660 die
969 1603 1141 1678 legati
1163 1604 1237 1661 ab
1277 1602 1538 1663 hostibus
1581 1606 1738 1662 missi
1767 1605 1846 1664 ad
1879 1607 2192 1667 Caesarem

167 1694 252 1752 de
298 1712 447 1769 pace
490 1705 788 1753 venerunt.
905 1695 1018 1752 His
1062 1695 1279 1752 Caesar
1328 1712 1636 1754 numerum
1679 1697 1968 1771 obsidum,
2014 1719 2194 1776 quem
2226 1725 2283 1779 15

168 1795 313 1843 ante
358 1785 755 1861 imperaverat,
800 1785 1115 1860 duplicavit
1163 1805 1382 1860 eosque
1425 1789 1487 1846 in
1528 1790 1927 1849 continentem
1975 1791 2194 1851 adduci

156 1877 357 1949 jussit,
392 1875 555 1951 quod
591 1877 924 1953 propinqua
950 1877 1047 1934 die
1077 1879 1435 1951 aequinoctii
1467 1880 1707 1939 infirmis
1745 1883 1985 1940 navibus
2015 1884 2192 1943 hiemi

168 1966 609 2042 navigationem
652 1968 1053 2026 subiciendam
1105 1985 1225 2027 non
1268 1970 1650 2030 existimabat.
1736 1975 1873 2049 Ipse
1916 1973 2194 2034 idoneam

168 2071 591 2137 tempestatem
661 2072 907 2121 nanctus
963 2063 1137 2140 paulo
1194 2073 1330 2140 post
1400 2065 1660 2124 mediam
1721 2078 1958 2127 noctem
2015 2089 2193 2131 naves

166 2154 388 2227 solvit3
456 2171 607 2229 quae
664 2173 870 2213 omnes
934 2156 1259 2215 incolumes
1315 2157 1393 2215 ad
1452 2162 1856 2220 continentem
1911 2183 2191 2240 pervene-
2221 2192 2284 2228 20

164 2253 351 2317 runt3
394 2244 501 2302 sed
530 2264 604 2303 ex
630 2246 698 2303 iis
736 2248 1035 2305 onerariae
1071 2247 1224 2306 duae
1265 2250 1528 2323 eosdem,
1560 2271 1708 2328 quos
1736 2255 1959 2331 reliqui,
1989 2268 2192 2333 portus

164 2352 392 2411 capere
421 2353 543 2393 non
569 2346 887 2411 potuerunt
915 2347 974 2395 et
998 2339 1178 2414 -paulo
1208 2340 1356 2399 infra
1384 2341 1614 2402 delatae
1644 2355 1796 2405 sunt.

204 2511 326 2565 The
349 2512 582 2566 Morini
600 2513 761 2577 rebel,
790 2514 919 2567 and
932 2532 1035 2569 are
1058 2513 1290 2587 terrz‘b'ly
1305 2519 1608 2587 punis-hed.
1674 2522 1728 2574 A
1761 2523 2174 2597 thanksgz‘ving
2253 2555 2260 2569 ·

547 2593 598 2646 is
621 2594 849 2648 decreed
862 2602 928 2649 at
948 2597 1235 2667 Romefor
1266 2600 1523 2655 Caesar's
1547 2604 1824 2657 victorias.

167 2816 409 2882 circiter
450 2818 692 2875 trecenti
734 2828 909 2893 atque
952 2823 1013 2880 in
1057 2836 1245 2884 castra
1284 2832 1726 2906 contenderent,
1772 2837 2003 2909 Morini,
2045 2856 2194 2912 quos

168 2908 400 2966 Caesar
453 2908 513 2965 in
570 2910 925 2969 Britanniam
981 2918 1359 2989 proficiscens
1416 2935 1659 2997 pacatos
1714 2926 2038 3001 reliquerat,
2088 2946 2194 3004 spe
2225 2943 2284 2995 25

167 2997 432 3075 praedae
476 2998 719 3058 adducti
759 3004 951 3078 primo
996 3027 1117 3066 non
1160 3011 1239 3069 ita
1280 3032 1494 3089 magno
1530 3034 1765 3074 suorum
1807 3036 2052 3079 numero
2088 3018 2193 3077 cir-

168 3099 601 3148 cumsteterunt
640 3111 729 3165 ae,
761 3095 809 3152 si
844 3116 971 3155 sese
1003 3100 1248 3159 interfici
1288 3105 1526 3177 nollent,
1557 3125 1717 3165 arma
1754 3126 1976 3184 ponere
2015 3110 2194 3169 iusse-

167 3190 325 3239 runt.
412 3181 566 3239 Cum
621 3184 700 3241 illi
757 3189 898 3247 orbe
956 3191 1111 3249 facto
1162 3212 1288 3251 sese
1346 3195 1748 3271 defenderent,
1801 3202 2065 3259 celeriter
2119 3200 2195 3259 ad

170 3273 495 3330 clamorem
546 3275 852 3339 hominum
910 3282 1138 3341 circiter
1193 3286 1349 3343 milia
1403 3306 1506 3347 sex
1561 3302 1975 3351 convenerunt.
2061 3292 2196 3367 Qua

170 3382 236 3422 re
266 3364 534 3423 nuntiata
576 3370 793 3429 Caesar
835 3391 1075 3431 omnem
1118 3394 1192 3433 ex
1220 3378 1418 3436 castris
1461 3381 1782 3455 equitatum
1825 3383 1940 3442 suis
1982 3382 2195 3441 auxilio
2223 3388 2286 3438 30

172 3454 350 3513 misit.
439 3459 681 3520 Interim
720 3464 902 3521 nostri
935 3465 1143 3525 milites
1186 3467 1471 3544 impetum
1509 3470 1762 3531 hostium
1801 3474 2197 3533 sustinuerunt

174 3557 354 3621 atque
384 3552 635 3627 amplius
664 3552 819 3612 horis
849 3564 1122 3630 quattuor
1141 3559 1447 3633 fortissime
1476 3558 1880 3637 pugnaverunt
1908 3574 1968 3623 et
1995 3565 2196 3641 paucis

75 3674 93 3683 -
173 3639 511 3701 vulneribus
541 3645 799 3719 acceptis
828 3648 1157 3723 complures
1188 3667 1261 3707 ex
1289 3649 1375 3709 his
1407 3652 1770 3714 occiderunt.
1827 3656 2039 3715 Postea
2057 3673 2197 3713 vero

175 3750 355 3809 quam
403 3734 695 3809 equitatus
740 3746 940 3795 noster
977 3738 1036 3796 in
1081 3750 1467 3816 conspectum
1508 3744 1685 3815 venit,
1715 3744 1914 3807 hostes
1957 3746 2197 3807 abiectis

174 3825 350 3883 armis
379 3833 545 3900 terga
572 3834 864 3885 verterunt
888 3846 1250 3906 magnusque
1280 3849 1484 3891 eorum
1511 3852 1786 3895 numerus
1814 3846 1903 3897 est
1929 3836 2175 3896 occisus.
2226 3842 2304 3939 321·
