<?xml version="1.0" encoding="UTF-8"?>
<!DOCTYPE html PUBLIC "-//W3C//DTD XHTML 1.0 Transitional//EN"
    "http://www.w3.org/TR/xhtml1/DTD/xhtml1-transitional.dtd">
<html xmlns="http://www.w3.org/1999/xhtml" xml:lang="en" lang="en">
 <head>
  <title>
</title>
<meta http-equiv="Content-Type" content="text/html;charset=utf-8" />
  <meta name='ocr-system' content='tesseract 3.04.00' />
  <meta name='ocr-capabilities' content='ocr_page ocr_carea ocr_par ocr_line ocrx_word'/>
</head>
<body>
  <div class='ocr_page' id='page_1' title='image "./ciulicaesarisde00kelsgoog_0172.png"; bbox 0 0 2796 4207; ppageno 0'>
   <div class='ocr_carea' id='block_1_1' title="bbox 535 234 1980 309">
    <p class='ocr_par' dir='ltr' id='par_1_1' title="bbox 535 234 1980 309">
     <span class='ocr_line' id='line_1_1' title="bbox 535 234 1980 309; baseline 0.008 -11"><span class='ocrx_word' id='word_1_1' title='bbox 535 234 658 299; x_wconf 77' lang='grc'>122</span> <span class='ocrx_word' id='word_1_2' title='bbox 1164 254 1273 307; x_wconf 91' lang='lat' dir='ltr'>DE</span> <span class='ocrx_word' id='word_1_3' title='bbox 1326 254 1580 308; x_wconf 89' lang='lat' dir='ltr'>BELLO</span> <span class='ocrx_word' id='word_1_4' title='bbox 1633 254 1980 309; x_wconf 90' lang='lat' dir='ltr'>GALLICO</span> 
     </span>
    </p>
   </div>
   <div class='ocr_carea' id='block_1_2' title="bbox 517 412 2635 1595">
    <p class='ocr_par' dir='ltr' id='par_1_2' title="bbox 614 412 2635 765">
     <span class='ocr_line' id='line_1_2' title="bbox 695 412 2635 492; baseline -0.001 -19"><span class='ocrx_word' id='word_1_5' title='bbox 695 414 1034 473; x_wconf 89' lang='lat' dir='ltr'><strong>XXXVIII.</strong></span> <span class='ocrx_word' id='word_1_6' title='bbox 1080 414 1295 474; x_wconf 88' lang='lat' dir='ltr'>Caesar</span> <span class='ocrx_word' id='word_1_7' title='bbox 1333 424 1571 492; x_wconf 89' lang='lat' dir='ltr'>postero</span> <span class='ocrx_word' id='word_1_8' title='bbox 1614 414 1710 474; x_wconf 92' lang='lat' dir='ltr'>die</span> <span class='ocrx_word' id='word_1_9' title='bbox 1752 415 1951 475; x_wconf 83' lang='lat' dir='ltr'><strong>Titum</strong></span> <span class='ocrx_word' id='word_1_10' title='bbox 2002 414 2325 474; x_wconf 84' lang='lat' dir='ltr'><strong>Labienum</strong></span> <span class='ocrx_word' id='word_1_11' title='bbox 2366 412 2635 490; x_wconf 87' lang='lat' dir='ltr'>legatum</span> 
     </span>
     <span class='ocr_line' id='line_1_3' title="bbox 615 503 2633 582; baseline 0 -19"><span class='ocrx_word' id='word_1_12' title='bbox 615 522 753 564; x_wconf 88' lang='lat' dir='ltr'>cum</span> <span class='ocrx_word' id='word_1_13' title='bbox 790 505 858 563; x_wconf 92' lang='lat' dir='ltr'>iis</span> <span class='ocrx_word' id='word_1_14' title='bbox 885 505 1227 582; x_wconf 81' lang='lat' dir='ltr'>legionibuS‚</span> <span class='ocrx_word' id='word_1_15' title='bbox 1257 524 1401 582; x_wconf 90' lang='lat' dir='ltr'>quas</span> <span class='ocrx_word' id='word_1_16' title='bbox 1445 524 1517 564; x_wconf 84' lang='lat' dir='ltr'>ex</span> <span class='ocrx_word' id='word_1_17' title='bbox 1560 507 1855 564; x_wconf 83' lang='lat' dir='ltr'><strong>Britannia</strong></span> <span class='ocrx_word' id='word_1_18' title='bbox 1885 505 2211 577; x_wconf 86' lang='lat' dir='ltr'>reduxerat,</span> <span class='ocrx_word' id='word_1_19' title='bbox 2242 505 2302 561; x_wconf 92' lang='lat' dir='ltr'>in</span> <span class='ocrx_word' id='word_1_20' title='bbox 2337 503 2633 577; x_wconf 82' lang='lat' dir='ltr'>MorinOS,</span> 
     </span>
     <span class='ocr_line' id='line_1_4' title="bbox 615 595 2633 672; baseline -0.001 -17"><span class='ocrx_word' id='word_1_21' title='bbox 615 596 716 671; x_wconf 88' lang='lat' dir='ltr'>qui</span> <span class='ocrx_word' id='word_1_22' title='bbox 749 596 1126 655; x_wconf 87' lang='lat' dir='ltr'>rebellionem</span> <span class='ocrx_word' id='word_1_23' title='bbox 1162 597 1440 671; x_wconf 86' lang='lat' dir='ltr'>fecerant,</span> <span class='ocrx_word' id='word_1_24' title='bbox 1470 598 1642 656; x_wconf 89' lang='lat' dir='ltr'><strong>misit.</strong></span> <span class='ocrx_word' id='word_1_25' title='bbox 1728 597 1845 671; x_wconf 85' lang='lat' dir='ltr'>Qui</span> <span class='ocrx_word' id='word_1_26' title='bbox 1882 615 2019 655; x_wconf 85' lang='lat' dir='ltr'>curn</span> <span class='ocrx_word' id='word_1_27' title='bbox 2056 607 2294 672; x_wconf 89' lang='lat' dir='ltr'>propter</span> <span class='ocrx_word' id='word_1_28' title='bbox 2321 595 2633 653; x_wconf 75' lang='lat' dir='ltr'>‚siccitates</span> 
     </span>
     <span class='ocr_line' id='line_1_5' title="bbox 614 687 2631 765; baseline 0 -20"><span class='ocrx_word' id='word_1_29' title='bbox 614 687 913 763; x_wconf 88' lang='lat' dir='ltr'>paludum,</span> <span class='ocrx_word' id='word_1_30' title='bbox 965 706 1084 764; x_wconf 91' lang='lat' dir='ltr'>quo</span> <span class='ocrx_word' id='word_1_31' title='bbox 1131 706 1194 747; x_wconf 89' lang='lat' dir='ltr'>se</span> <span class='ocrx_word' id='word_1_32' title='bbox 1241 690 1588 765; x_wconf 87' lang='lat' dir='ltr'>reciperent,</span> <span class='ocrx_word' id='word_1_33' title='bbox 1639 706 1761 747; x_wconf 90' lang='lat' dir='ltr'>non</span> <span class='ocrx_word' id='word_1_34' title='bbox 1805 688 2101 760; x_wconf 86' lang='lat' dir='ltr'>haberent,</span> <span class='ocrx_word' id='word_1_35' title='bbox 2130 705 2267 763; x_wconf 90' lang='lat' dir='ltr'>.quo</span> <span class='ocrx_word' id='word_1_36' title='bbox 2322 687 2631 762; x_wconf 88' lang='lat' dir='ltr'>superiore</span> 
     </span>
    </p>

    <p class='ocr_par' dir='ltr' id='par_1_3' title="bbox 559 778 2631 1217">
     <span class='ocr_line' id='line_1_6' title="bbox 559 778 2631 861; baseline -0.002 -23"><span class='ocrx_word' id='word_1_37' title='bbox 559 806 584 861; x_wconf 85' lang='lat'>5</span> <span class='ocrx_word' id='word_1_38' title='bbox 615 797 769 838; x_wconf 90' lang='lat' dir='ltr'>anno</span> <span class='ocrx_word' id='word_1_39' title='bbox 805 780 1070 856; x_wconf 85' lang='lat' dir='ltr'>perfugio</span> <span class='ocrx_word' id='word_1_40' title='bbox 1109 781 1334 840; x_wconf 89' lang='lat' dir='ltr'>fuerant</span> <span class='ocrx_word' id='word_1_41' title='bbox 1363 782 1469 853; x_wconf 89' lang='lat' dir='ltr'>usi,</span> <span class='ocrx_word' id='word_1_42' title='bbox 1500 797 1706 839; x_wconf 88' lang='lat' dir='ltr'>omnes</span> <span class='ocrx_word' id='word_1_43' title='bbox 1735 781 1852 838; x_wconf 89' lang='lat' dir='ltr'>fere</span> <span class='ocrx_word' id='word_1_44' title='bbox 1882 780 1941 837; x_wconf 91' lang='lat' dir='ltr'>in</span> <span class='ocrx_word' id='word_1_45' title='bbox 1974 788 2326 855; x_wconf 86' lang='lat' dir='ltr'>potestatem</span> <span class='ocrx_word' id='word_1_46' title='bbox 2373 778 2631 835; x_wconf 85' lang='lat' dir='ltr'>Labieni</span> 
     </span>
     <span class='ocr_line' id='line_1_7' title="bbox 611 868 2625 946; baseline -0.001 -17"><span class='ocrx_word' id='word_1_47' title='bbox 611 881 1016 945; x_wconf 88' lang='lat' dir='ltr'>pervenerunt.</span> <span class='ocrx_word' id='word_1_48' title='bbox 1098 872 1177 929; x_wconf 94' lang='lat' dir='ltr'>At</span> <span class='ocrx_word' id='word_1_49' title='bbox 1219 872 1293 946; x_wconf 88' lang='lat' dir='ltr'>Q.</span> <span class='ocrx_word' id='word_1_50' title='bbox 1323 872 1578 930; x_wconf 87' lang='lat' dir='ltr'>Titurius</span> <span class='ocrx_word' id='word_1_51' title='bbox 1613 880 1673 930; x_wconf 92' lang='lat' dir='ltr'>et</span> <span class='ocrx_word' id='word_1_52' title='bbox 1704 872 1766 928; x_wconf 88' lang='lat' dir='ltr'>L.</span> <span class='ocrx_word' id='word_1_53' title='bbox 1799 871 1976 929; x_wconf 88' lang='lat' dir='ltr'>Cotta</span> <span class='ocrx_word' id='word_1_54' title='bbox 2016 870 2204 945; x_wconf 88' lang='lat' dir='ltr'>legati,</span> <span class='ocrx_word' id='word_1_55' title='bbox 2239 868 2339 945; x_wconf 92' lang='lat' dir='ltr'>qui</span> <span class='ocrx_word' id='word_1_56' title='bbox 2380 869 2443 926; x_wconf 91' lang='lat' dir='ltr'>in</span> <span class='ocrx_word' id='word_1_57' title='bbox 2490 870 2625 927; x_wconf 92' lang='lat' dir='ltr'>Me-</span> 
     </span>
     <span class='ocr_line' id='line_1_8' title="bbox 612 959 2628 1037; baseline -0 -19"><span class='ocrx_word' id='word_1_58' title='bbox 612 962 916 1036; x_wconf 87' lang='lat' dir='ltr'>napiorum</span> <span class='ocrx_word' id='word_1_59' title='bbox 947 962 1092 1019; x_wconf 88' lang='lat' dir='ltr'>fines</span> <span class='ocrx_word' id='word_1_60' title='bbox 1133 962 1392 1037; x_wconf 88' lang='lat' dir='ltr'>legiones</span> <span class='ocrx_word' id='word_1_61' title='bbox 1435 962 1739 1031; x_wconf 86' lang='lat' dir='ltr'>duxerant,</span> <span class='ocrx_word' id='word_1_62' title='bbox 1768 961 2041 1019; x_wconf 88' lang='lat' dir='ltr'>omnibus</span> <span class='ocrx_word' id='word_1_63' title='bbox 2068 978 2271 1018; x_wconf 87' lang='lat' dir='ltr'>eorum</span> <span class='ocrx_word' id='word_1_64' title='bbox 2316 959 2465 1035; x_wconf 86' lang='lat' dir='ltr'>agris</span> <span class='ocrx_word' id='word_1_65' title='bbox 2497 978 2628 1017; x_wconf 87' lang='lat' dir='ltr'>vas-</span> 
     </span>
     <span class='ocr_line' id='line_1_9' title="bbox 611 1050 2627 1127; baseline 0 -18"><span class='ocrx_word' id='word_1_66' title='bbox 611 1053 758 1123; x_wconf 84' lang='lat' dir='ltr'>tatiS‚</span> <span class='ocrx_word' id='word_1_67' title='bbox 787 1052 1087 1111; x_wconf 86' lang='lat' dir='ltr'>frumentis</span> <span class='ocrx_word' id='word_1_68' title='bbox 1129 1054 1387 1127; x_wconf 87' lang='lat' dir='ltr'>succisis,</span> <span class='ocrx_word' id='word_1_69' title='bbox 1418 1053 1697 1112; x_wconf 85' lang='lat' dir='ltr'>aedificiis</span> <span class='ocrx_word' id='word_1_70' title='bbox 1738 1053 2009 1124; x_wconf 88' lang='lat' dir='ltr'>incensis,</span> <span class='ocrx_word' id='word_1_71' title='bbox 2040 1050 2203 1127; x_wconf 90' lang='lat' dir='ltr'>quod</span> <span class='ocrx_word' id='word_1_72' title='bbox 2252 1050 2521 1126; x_wconf 87' lang='lat' dir='ltr'>Menapii</span> <span class='ocrx_word' id='word_1_73' title='bbox 2556 1069 2627 1109; x_wconf 90' lang='lat' dir='ltr'>se</span> 
     </span>
     <span class='ocr_line' id='line_1_10' title="bbox 611 1143 2629 1217; baseline -0 -16"><span class='ocrx_word' id='word_1_74' title='bbox 611 1160 817 1202; x_wconf 90' lang='lat' dir='ltr'>omnes</span> <span class='ocrx_word' id='word_1_75' title='bbox 845 1144 906 1203; x_wconf 93' lang='lat' dir='ltr'>in</span> <span class='ocrx_word' id='word_1_76' title='bbox 946 1144 1317 1205; x_wconf 86' lang='lat' dir='ltr'>densissimas</span> <span class='ocrx_word' id='word_1_77' title='bbox 1357 1146 1528 1205; x_wconf 89' lang='lat' dir='ltr'>silvas</span> <span class='ocrx_word' id='word_1_78' title='bbox 1569 1145 1930 1217; x_wconf 87' lang='lat' dir='ltr'>abdiderant,</span> <span class='ocrx_word' id='word_1_79' title='bbox 1961 1164 2022 1203; x_wconf 91' lang='lat' dir='ltr'>se</span> <span class='ocrx_word' id='word_1_80' title='bbox 2065 1143 2142 1202; x_wconf 90' lang='lat' dir='ltr'>ad</span> <span class='ocrx_word' id='word_1_81' title='bbox 2174 1144 2490 1202; x_wconf 87' lang='lat' dir='ltr'>Caesarem</span> <span class='ocrx_word' id='word_1_82' title='bbox 2535 1162 2629 1201; x_wconf 91' lang='lat' dir='ltr'>re-</span> 
     </span>
    </p>

    <p class='ocr_par' dir='ltr' id='par_1_4' title="bbox 517 1235 2631 1595">
     <span class='ocr_line' id='line_1_11' title="bbox 517 1235 2623 1314; baseline 0.001 -23"><span class='ocrx_word' id='word_1_83' title='bbox 517 1255 574 1292; x_wconf 79' lang='grc' dir='ltr'>ιο</span> <span class='ocrx_word' id='word_1_84' title='bbox 610 1246 909 1311; x_wconf 87' lang='lat' dir='ltr'>ceperunt.</span> <span class='ocrx_word' id='word_1_85' title='bbox 994 1236 1212 1296; x_wconf 85' lang='lat' dir='ltr'>Caesar</span> <span class='ocrx_word' id='word_1_86' title='bbox 1238 1237 1297 1296; x_wconf 92' lang='lat' dir='ltr'>in</span> <span class='ocrx_word' id='word_1_87' title='bbox 1335 1238 1525 1314; x_wconf 88' lang='lat' dir='ltr'>Belgis</span> <span class='ocrx_word' id='word_1_88' title='bbox 1558 1238 1821 1296; x_wconf 80' lang='lat' dir='ltr'>omniurn</span> <span class='ocrx_word' id='word_1_89' title='bbox 1863 1237 2160 1314; x_wconf 88' lang='lat' dir='ltr'>legionum</span> <span class='ocrx_word' id='word_1_90' title='bbox 2204 1235 2447 1295; x_wconf 88' lang='lat' dir='ltr'>hiberna</span> <span class='ocrx_word' id='word_1_91' title='bbox 2474 1253 2623 1294; x_wconf 89' lang='lat' dir='ltr'>con-</span> 
     </span>
     <span class='ocr_line' id='line_1_12' title="bbox 609 1330 2631 1396; baseline 0.002 -8"><span class='ocrx_word' id='word_1_92' title='bbox 609 1330 806 1388; x_wconf 91' lang='lat' dir='ltr'>stituit.</span> <span class='ocrx_word' id='word_1_93' title='bbox 919 1332 1010 1391; x_wconf 92' lang='lat' dir='ltr'>Eo</span> <span class='ocrx_word' id='word_1_94' title='bbox 1066 1332 1218 1392; x_wconf 90' lang='lat' dir='ltr'>duae</span> <span class='ocrx_word' id='word_1_95' title='bbox 1282 1337 1527 1394; x_wconf 88' lang='lat' dir='ltr'>omnino</span> <span class='ocrx_word' id='word_1_96' title='bbox 1582 1338 1841 1395; x_wconf 88' lang='lat' dir='ltr'>civitates</span> <span class='ocrx_word' id='word_1_97' title='bbox 1906 1357 1979 1396; x_wconf 88' lang='lat' dir='ltr'>ex</span> <span class='ocrx_word' id='word_1_98' title='bbox 2035 1338 2329 1396; x_wconf 88' lang='lat' dir='ltr'>Britannia</span> <span class='ocrx_word' id='word_1_99' title='bbox 2385 1335 2631 1395; x_wconf 87' lang='lat' dir='ltr'>obsides</span> 
     </span>
     <span class='ocr_line' id='line_1_13' title="bbox 609 1422 2631 1505; baseline 0.002 -25"><span class='ocrx_word' id='word_1_100' title='bbox 609 1422 906 1497; x_wconf 88' lang='lat' dir='ltr'>miserunt,</span> <span class='ocrx_word' id='word_1_101' title='bbox 943 1424 1198 1501; x_wconf 88' lang='lat' dir='ltr'>reliquae</span> <span class='ocrx_word' id='word_1_102' title='bbox 1241 1428 1633 1503; x_wconf 86' lang='lat' dir='ltr'>neglexerunt.</span> <span class='ocrx_word' id='word_1_103' title='bbox 1719 1430 1833 1488; x_wconf 90' lang='lat' dir='ltr'>His</span> <span class='ocrx_word' id='word_1_104' title='bbox 1874 1430 2046 1489; x_wconf 90' lang='lat' dir='ltr'>rebus</span> <span class='ocrx_word' id='word_1_105' title='bbox 2086 1430 2261 1505; x_wconf 84' lang='lat' dir='ltr'>gestis</span> <span class='ocrx_word' id='word_1_106' title='bbox 2305 1445 2379 1486; x_wconf 83' lang='lat' dir='ltr'>ex</span> <span class='ocrx_word' id='word_1_107' title='bbox 2422 1428 2631 1486; x_wconf 88' lang='lat' dir='ltr'>litteris</span> 
     </span>
     <span class='ocr_line' id='line_1_14' title="bbox 609 1512 2425 1595; baseline 0.003 -24"><span class='ocrx_word' id='word_1_108' title='bbox 609 1512 872 1573; x_wconf 89' lang='lat' dir='ltr'>Caesaris</span> <span class='ocrx_word' id='word_1_109' title='bbox 901 1514 1128 1574; x_wconf 88' lang='lat' dir='ltr'>dierum</span> <span class='ocrx_word' id='word_1_110' title='bbox 1156 1518 1355 1594; x_wconf 86' lang='lat' dir='ltr'>viginti</span> <span class='ocrx_word' id='word_1_111' title='bbox 1383 1520 1731 1595; x_wconf 90' lang='lat' dir='ltr'>supplicatio</span> <span class='ocrx_word' id='word_1_112' title='bbox 1761 1539 1796 1579; x_wconf 89' lang='lat' dir='ltr'>a</span> <span class='ocrx_word' id='word_1_113' title='bbox 1822 1530 2025 1580; x_wconf 89' lang='lat' dir='ltr'>senatu</span> <span class='ocrx_word' id='word_1_114' title='bbox 2054 1520 2293 1579; x_wconf 86' lang='lat' dir='ltr'>decreta</span> <span class='ocrx_word' id='word_1_115' title='bbox 2322 1528 2425 1577; x_wconf 74' lang='lat' dir='ltr'>est„</span> 
     </span>
    </p>
   </div>
  </div>
 </body>
</html>
