<?xml version="1.0" encoding="UTF-8"?>
<!DOCTYPE html PUBLIC "-//W3C//DTD XHTML 1.0 Transitional//EN"
    "http://www.w3.org/TR/xhtml1/DTD/xhtml1-transitional.dtd">
<html xmlns="http://www.w3.org/1999/xhtml" xml:lang="en" lang="en">
 <head>
  <title>
</title>
<meta http-equiv="Content-Type" content="text/html;charset=utf-8" />
  <meta name='ocr-system' content='tesseract 3.04.00' />
  <meta name='ocr-capabilities' content='ocr_page ocr_carea ocr_par ocr_line ocrx_word'/>
</head>
<body>
  <div class='ocr_page' id='page_1' title='image "./ciulicaesarisde00kelsgoog_0233.png"; bbox 0 0 2796 4207; ppageno 0'>
   <div class='ocr_carea' id='block_1_1' title="bbox 780 213 2334 289">
    <p class='ocr_par' dir='ltr' id='par_1_1' title="bbox 780 213 2334 289">
     <span class='ocr_line' id='line_1_1' title="bbox 780 213 2334 289; baseline -0.005 -1"><span class='ocrx_word' id='word_1_1' title='bbox 780 235 927 288; x_wconf 77' lang='lat' dir='ltr'>Lm.</span> <span class='ocrx_word' id='word_1_2' title='bbox 973 235 1111 288; x_wconf 78' lang='lat' dir='ltr'>vn.</span> <span class='ocrx_word' id='word_1_3' title='bbox 1156 235 1323 289; x_wconf 82' lang='lat' dir='ltr'>cAP.</span> <span class='ocrx_word' id='word_1_4' title='bbox 1368 233 1839 289; x_wconf 73' lang='lat' dir='ltr'>xxm-XXVI.</span> <span class='ocrx_word' id='word_1_5' title='bbox 2210 213 2334 281; x_wconf 84' lang='lat'>181</span> 
     </span>
    </p>
   </div>
   <div class='ocr_carea' id='block_1_2' title="bbox 216 396 2340 3854">
    <p class='ocr_par' dir='ltr' id='par_1_2' title="bbox 216 396 2304 932">
     <span class='ocr_line' id='line_1_2' title="bbox 220 396 2244 474; baseline -0.001 -17"><span class='ocrx_word' id='word_1_6' title='bbox 220 400 481 459; x_wconf 80' lang='lat' dir='ltr'>serretur</span> <span class='ocrx_word' id='word_1_7' title='bbox 520 400 814 471; x_wconf 86' lang='lat' dir='ltr'>auxilium,</span> <span class='ocrx_word' id='word_1_8' title='bbox 857 400 953 456; x_wconf 88' lang='lat' dir='ltr'>vix</span> <span class='ocrx_word' id='word_1_9' title='bbox 995 398 1138 457; x_wconf 88' lang='lat' dir='ltr'>ratio</span> <span class='ocrx_word' id='word_1_10' title='bbox 1182 399 1305 457; x_wconf 91' lang='lat' dir='ltr'>iniri</span> <span class='ocrx_word' id='word_1_11' title='bbox 1357 409 1575 474; x_wconf 89' lang='lat' dir='ltr'>posset.</span> <span class='ocrx_word' id='word_1_12' title='bbox 1659 400 1904 471; x_wconf 87' lang='lat' dir='ltr'>Tamen,</span> <span class='ocrx_word' id='word_1_13' title='bbox 1947 396 2112 473; x_wconf 90' lang='lat' dir='ltr'>quod</span> <span class='ocrx_word' id='word_1_14' title='bbox 2160 397 2244 454; x_wconf 91' lang='lat' dir='ltr'>in-</span> 
     </span>
     <span class='ocr_line' id='line_1_3' title="bbox 216 488 2248 567; baseline -0.002 -16"><span class='ocrx_word' id='word_1_15' title='bbox 216 493 437 551; x_wconf 85' lang='lat' dir='ltr'>stituto</span> <span class='ocrx_word' id='word_1_16' title='bbox 467 490 735 551; x_wconf 85' lang='lat' dir='ltr'>Caesaris</span> <span class='ocrx_word' id='word_1_17' title='bbox 772 508 1004 567; x_wconf 87' lang='lat' dir='ltr'><strong>semper</strong></span> <span class='ocrx_word' id='word_1_18' title='bbox 1040 489 1193 549; x_wconf 87' lang='lat' dir='ltr'>duae</span> <span class='ocrx_word' id='word_1_19' title='bbox 1222 490 1484 566; x_wconf 87' lang='lat' dir='ltr'>legiones</span> <span class='ocrx_word' id='word_1_20' title='bbox 1512 508 1620 567; x_wconf 90' lang='lat' dir='ltr'>pro</span> <span class='ocrx_word' id='word_1_21' title='bbox 1650 490 1848 549; x_wconf 85' lang='lat' dir='ltr'>castris</span> <span class='ocrx_word' id='word_1_22' title='bbox 1878 488 2248 548; x_wconf 86' lang='lat' dir='ltr'>excubabant</span> 
     </span>
     <span class='ocr_line' id='line_1_4' title="bbox 216 580 2246 659; baseline -0.002 -18"><span class='ocrx_word' id='word_1_23' title='bbox 216 583 549 659; x_wconf 86' lang='lat' dir='ltr'>pluresque</span> <span class='ocrx_word' id='word_1_24' title='bbox 583 582 803 658; x_wconf 88' lang='lat' dir='ltr'>partitis</span> <span class='ocrx_word' id='word_1_25' title='bbox 832 582 1191 657; x_wconf 88' lang='lat' dir='ltr'>temporibus</span> <span class='ocrx_word' id='word_1_26' title='bbox 1220 591 1385 640; x_wconf 91' lang='lat' dir='ltr'>erant</span> <span class='ocrx_word' id='word_1_27' title='bbox 1420 582 1480 639; x_wconf 93' lang='lat' dir='ltr'>in</span> <span class='ocrx_word' id='word_1_28' title='bbox 1507 598 1706 658; x_wconf 90' lang='lat' dir='ltr'>opere,</span> <span class='ocrx_word' id='word_1_29' title='bbox 1737 581 2003 640; x_wconf 85' lang='lat' dir='ltr'>celeriter</span> <span class='ocrx_word' id='word_1_30' title='bbox 2027 580 2246 638; x_wconf 87' lang='lat' dir='ltr'>factum</span> 
     </span>
     <span class='ocr_line' id='line_1_5' title="bbox 220 670 2247 749; baseline -0.002 -16"><span class='ocrx_word' id='word_1_31' title='bbox 220 682 343 747; x_wconf 85' lang='lat' dir='ltr'>est,</span> <span class='ocrx_word' id='word_1_32' title='bbox 396 683 464 732; x_wconf 89' lang='lat' dir='ltr'>ut</span> <span class='ocrx_word' id='word_1_33' title='bbox 511 674 606 732; x_wconf 85' lang='lat' dir='ltr'>alii</span> <span class='ocrx_word' id='word_1_34' title='bbox 661 673 1061 749; x_wconf 83' lang='lat' dir='ltr'>eruptionibus</span> <span class='ocrx_word' id='word_1_35' title='bbox 1116 672 1467 744; x_wconf 86' lang='lat' dir='ltr'>resisterent,</span> <span class='ocrx_word' id='word_1_36' title='bbox 1517 672 1611 730; x_wconf 91' lang='lat' dir='ltr'>alii</span> <span class='ocrx_word' id='word_1_37' title='bbox 1661 681 1844 731; x_wconf 90' lang='lat' dir='ltr'>turres</span> <span class='ocrx_word' id='word_1_38' title='bbox 1900 670 2247 730; x_wconf 88' lang='lat' dir='ltr'>reducerent</span> 
     </span>
     <span class='ocr_line' id='line_1_6' title="bbox 220 761 2304 849; baseline -0.001 -25"><span class='ocrx_word' id='word_1_39' title='bbox 220 782 626 842; x_wconf 80' lang='lat' dir='ltr'>aggeremque</span> <span class='ocrx_word' id='word_1_40' title='bbox 661 763 1163 849; x_wconf 69' lang='lat' dir='ltr'>interscinderent,</span> <span class='ocrx_word' id='word_1_41' title='bbox 1193 764 1383 823; x_wconf 90' lang='lat' dir='ltr'>omnis</span> <span class='ocrx_word' id='word_1_42' title='bbox 1411 780 1550 821; x_wconf 86' lang='lat' dir='ltr'>vero</span> <span class='ocrx_word' id='word_1_43' title='bbox 1589 781 1662 822; x_wconf 89' lang='lat' dir='ltr'>ex</span> <span class='ocrx_word' id='word_1_44' title='bbox 1696 762 1894 821; x_wconf 90' lang='lat' dir='ltr'>eastris</span> <span class='ocrx_word' id='word_1_45' title='bbox 1933 761 2244 821; x_wconf 89' lang='lat' dir='ltr'>multitudo</span> <span class='ocrx_word' id='word_1_46' title='bbox 2277 773 2304 827; x_wconf 86' lang='lat'><em>5</em></span> 
     </span>
     <span class='ocr_line' id='line_1_7' title="bbox 222 856 1243 932; baseline -0.003 -17"><span class='ocrx_word' id='word_1_47' title='bbox 222 856 313 915; x_wconf 87' lang='lat' dir='ltr'>ad</span> <span class='ocrx_word' id='word_1_48' title='bbox 343 856 823 932; x_wconf 90' lang='lat' dir='ltr'>restinguendum</span> <span class='ocrx_word' id='word_1_49' title='bbox 851 864 1243 915; x_wconf 83' lang='lat' dir='ltr'>concurreret.</span> 
     </span>
    </p>

    <p class='ocr_par' dir='ltr' id='par_1_3' title="bbox 223 944 2336 2389">
     <span class='ocr_line' id='line_1_8' title="bbox 314 944 2244 1021; baseline -0.003 -14"><span class='ocrx_word' id='word_1_50' title='bbox 314 948 499 1007; x_wconf 91' lang='lat' dir='ltr'>XXV.</span> <span class='ocrx_word' id='word_1_51' title='bbox 543 946 698 1007; x_wconf 91' lang='lat' dir='ltr'>Cum</span> <span class='ocrx_word' id='word_1_52' title='bbox 728 948 786 1005; x_wconf 90' lang='lat' dir='ltr'>in</span> <span class='ocrx_word' id='word_1_53' title='bbox 816 946 1089 1008; x_wconf 89' lang='lat' dir='ltr'>omnibus</span> <span class='ocrx_word' id='word_1_54' title='bbox 1126 946 1268 1004; x_wconf 90' lang='lat' dir='ltr'>locis</span> <span class='ocrx_word' id='word_1_55' title='bbox 1302 954 1656 1021; x_wconf 89' lang='lat' dir='ltr'>consumpta</span> <span class='ocrx_word' id='word_1_56' title='bbox 1688 946 1802 1003; x_wconf 87' lang='lat' dir='ltr'>iam</span> <span class='ocrx_word' id='word_1_57' title='bbox 1832 944 2056 1021; x_wconf 90' lang='lat' dir='ltr'>reliqua</span> <span class='ocrx_word' id='word_1_58' title='bbox 2081 953 2244 1019; x_wconf 88' lang='lat' dir='ltr'>parte</span> 
     </span>
     <span class='ocr_line' id='line_1_9' title="bbox 224 1035 2246 1115; baseline -0.002 -18"><span class='ocrx_word' id='word_1_59' title='bbox 224 1039 427 1098; x_wconf 87' lang='lat' dir='ltr'>noctis</span> <span class='ocrx_word' id='word_1_60' title='bbox 467 1049 821 1115; x_wconf 87' lang='lat' dir='ltr'>pugnaretur</span> <span class='ocrx_word' id='word_1_61' title='bbox 858 1055 1205 1114; x_wconf 87' lang='lat' dir='ltr'>semperque</span> <span class='ocrx_word' id='word_1_62' title='bbox 1234 1036 1500 1097; x_wconf 86' lang='lat' dir='ltr'>hostibus</span> <span class='ocrx_word' id='word_1_63' title='bbox 1527 1054 1662 1113; x_wconf 89' lang='lat' dir='ltr'>spes</span> <span class='ocrx_word' id='word_1_64' title='bbox 1690 1037 1966 1097; x_wconf 87' lang='lat' dir='ltr'>victoriae</span> <span class='ocrx_word' id='word_1_65' title='bbox 1995 1035 2246 1095; x_wconf 85' lang='lat' dir='ltr'>redinte-</span> 
     </span>
     <span class='ocr_line' id='line_1_10' title="bbox 225 1126 2242 1208; baseline -0.001 -19"><span class='ocrx_word' id='word_1_66' title='bbox 225 1138 511 1207; x_wconf 88' lang='lat' dir='ltr'>graretur,</span> <span class='ocrx_word' id='word_1_67' title='bbox 556 1148 630 1189; x_wconf 92' lang='lat' dir='ltr'>eo</span> <span class='ocrx_word' id='word_1_68' title='bbox 672 1130 874 1208; x_wconf 79' lang='lat' dir='ltr'>magiS‚</span> <span class='ocrx_word' id='word_1_69' title='bbox 918 1128 1081 1205; x_wconf 92' lang='lat' dir='ltr'>quod</span> <span class='ocrx_word' id='word_1_70' title='bbox 1123 1127 1363 1189; x_wconf 87' lang='lat' dir='ltr'>deustos</span> <span class='ocrx_word' id='word_1_71' title='bbox 1404 1128 1636 1205; x_wconf 89' lang='lat' dir='ltr'>pluteos</span> <span class='ocrx_word' id='word_1_72' title='bbox 1683 1128 1922 1187; x_wconf 89' lang='lat' dir='ltr'>turrium</span> <span class='ocrx_word' id='word_1_73' title='bbox 1964 1126 2242 1186; x_wconf 90' lang='lat' dir='ltr'>videbant</span> 
     </span>
     <span class='ocr_line' id='line_1_11' title="bbox 226 1216 2336 1297; baseline -0.002 -18"><span class='ocrx_word' id='word_1_74' title='bbox 226 1239 350 1280; x_wconf 89' lang='lat' dir='ltr'>nec</span> <span class='ocrx_word' id='word_1_75' title='bbox 394 1220 561 1279; x_wconf 88' lang='lat' dir='ltr'>facile</span> <span class='ocrx_word' id='word_1_76' title='bbox 611 1220 771 1279; x_wconf 90' lang='lat' dir='ltr'>adire</span> <span class='ocrx_word' id='word_1_77' title='bbox 820 1230 1053 1297; x_wconf 89' lang='lat' dir='ltr'>apertos</span> <span class='ocrx_word' id='word_1_78' title='bbox 1098 1218 1178 1278; x_wconf 92' lang='lat' dir='ltr'>ad</span> <span class='ocrx_word' id='word_1_79' title='bbox 1229 1216 1625 1278; x_wconf 88' lang='lat' dir='ltr'>auxiliandum</span> <span class='ocrx_word' id='word_1_80' title='bbox 1683 1217 2241 1290; x_wconf 86' lang='lat' dir='ltr'>animadvertebant,</span> <span class='ocrx_word' id='word_1_81' title='bbox 2277 1231 2336 1267; x_wconf 88' lang='lat'>10</span> 
     </span>
     <span class='ocr_line' id='line_1_12' title="bbox 226 1307 2242 1387; baseline -0.002 -16"><span class='ocrx_word' id='word_1_82' title='bbox 226 1330 586 1387; x_wconf 88' lang='lat' dir='ltr'>semperque</span> <span class='ocrx_word' id='word_1_83' title='bbox 642 1312 749 1387; x_wconf 89' lang='lat' dir='ltr'>ipsi</span> <span class='ocrx_word' id='word_1_84' title='bbox 803 1320 1069 1370; x_wconf 89' lang='lat' dir='ltr'>recentes</span> <span class='ocrx_word' id='word_1_85' title='bbox 1124 1309 1367 1369; x_wconf 86' lang='lat' dir='ltr'>defessis</span> <span class='ocrx_word' id='word_1_86' title='bbox 1431 1307 1822 1369; x_wconf 89' lang='lat' dir='ltr'>succederent</span> <span class='ocrx_word' id='word_1_87' title='bbox 1885 1324 2242 1385; x_wconf 90' lang='lat' dir='ltr'>omnemque</span> 
     </span>
     <span class='ocr_line' id='line_1_13' title="bbox 226 1399 2241 1477; baseline -0.002 -15"><span class='ocrx_word' id='word_1_88' title='bbox 226 1402 460 1463; x_wconf 87' lang='lat' dir='ltr'>Galliae</span> <span class='ocrx_word' id='word_1_89' title='bbox 483 1403 727 1461; x_wconf 89' lang='lat' dir='ltr'>salutem</span> <span class='ocrx_word' id='word_1_90' title='bbox 749 1402 810 1459; x_wconf 92' lang='lat' dir='ltr'>in</span> <span class='ocrx_word' id='word_1_91' title='bbox 837 1402 936 1462; x_wconf 89' lang='lat' dir='ltr'>illo</span> <span class='ocrx_word' id='word_1_92' title='bbox 955 1400 1197 1477; x_wconf 89' lang='lat' dir='ltr'>vestigio</span> <span class='ocrx_word' id='word_1_93' title='bbox 1227 1400 1510 1477; x_wconf 89' lang='lat' dir='ltr'>temporis</span> <span class='ocrx_word' id='word_1_94' title='bbox 1537 1399 1790 1476; x_wconf 87' lang='lat' dir='ltr'>positam</span> <span class='ocrx_word' id='word_1_95' title='bbox 1817 1400 2241 1471; x_wconf 89' lang='lat' dir='ltr'>arbitrarentur,</span> 
     </span>
     <span class='ocr_line' id='line_1_14' title="bbox 224 1490 2238 1570; baseline -0.002 -17"><span class='ocrx_word' id='word_1_96' title='bbox 224 1493 451 1554; x_wconf 89' lang='lat' dir='ltr'>accidit</span> <span class='ocrx_word' id='word_1_97' title='bbox 491 1493 948 1570; x_wconf 87' lang='lat' dir='ltr'>inspectantibus</span> <span class='ocrx_word' id='word_1_98' title='bbox 991 1492 1181 1565; x_wconf 78' lang='lat' dir='ltr'>nobiS,</span> <span class='ocrx_word' id='word_1_99' title='bbox 1222 1490 1389 1569; x_wconf 89' lang='lat' dir='ltr'>quod</span> <span class='ocrx_word' id='word_1_100' title='bbox 1439 1490 1682 1567; x_wconf 89' lang='lat' dir='ltr'>dignum</span> <span class='ocrx_word' id='word_1_101' title='bbox 1728 1492 2012 1551; x_wconf 89' lang='lat' dir='ltr'>memoria</span> <span class='ocrx_word' id='word_1_102' title='bbox 2053 1491 2238 1549; x_wconf 90' lang='lat' dir='ltr'>visum</span> 
     </span>
     <span class='ocr_line' id='line_1_15' title="bbox 223 1582 2240 1663; baseline -0.002 -20"><span class='ocrx_word' id='word_1_103' title='bbox 223 1584 727 1663; x_wconf 89' lang='lat' dir='ltr'>praetereundum</span> <span class='ocrx_word' id='word_1_104' title='bbox 782 1602 905 1643; x_wconf 92' lang='lat' dir='ltr'>non</span> <span class='ocrx_word' id='word_1_105' title='bbox 960 1582 1433 1643; x_wconf 85' lang='lat' dir='ltr'>existimavimus.</span> <span class='ocrx_word' id='word_1_106' title='bbox 1517 1582 1778 1658; x_wconf 87' lang='lat' dir='ltr'>Quidam</span> <span class='ocrx_word' id='word_1_107' title='bbox 1828 1593 1964 1641; x_wconf 90' lang='lat' dir='ltr'>ante</span> <span class='ocrx_word' id='word_1_108' title='bbox 2015 1592 2240 1657; x_wconf 88' lang='lat' dir='ltr'>portam</span> 
     </span>
     <span class='ocr_line' id='line_1_16' title="bbox 224 1674 2332 1753; baseline -0.003 -16"><span class='ocrx_word' id='word_1_109' title='bbox 224 1676 443 1753; x_wconf 90' lang='lat' dir='ltr'>oppidi</span> <span class='ocrx_word' id='word_1_110' title='bbox 465 1676 665 1736; x_wconf 90' lang='lat' dir='ltr'>Gallus</span> <span class='ocrx_word' id='word_1_111' title='bbox 685 1694 790 1752; x_wconf 91' lang='lat' dir='ltr'>per</span> <span class='ocrx_word' id='word_1_112' title='bbox 810 1693 1015 1735; x_wconf 89' lang='lat' dir='ltr'>manus</span> <span class='ocrx_word' id='word_1_113' title='bbox 1042 1674 1165 1735; x_wconf 89' lang='lat' dir='ltr'>sevi</span> <span class='ocrx_word' id='word_1_114' title='bbox 1192 1692 1265 1735; x_wconf 86' lang='lat' dir='ltr'>ac</span> <span class='ocrx_word' id='word_1_115' title='bbox 1290 1675 1436 1750; x_wconf 90' lang='lat' dir='ltr'>picis</span> <span class='ocrx_word' id='word_1_116' title='bbox 1466 1674 1702 1733; x_wconf 88' lang='lat' dir='ltr'>traditas</span> <span class='ocrx_word' id='word_1_117' title='bbox 1731 1675 1930 1750; x_wconf 87' lang='lat' dir='ltr'>glebas</span> <span class='ocrx_word' id='word_1_118' title='bbox 1958 1675 2019 1733; x_wconf 91' lang='lat' dir='ltr'>in</span> <span class='ocrx_word' id='word_1_119' title='bbox 2047 1674 2242 1749; x_wconf 90' lang='lat' dir='ltr'>ignem</span> <span class='ocrx_word' id='word_1_120' title='bbox 2276 1690 2332 1744; x_wconf 85' lang='lat'>15</span> 
     </span>
     <span class='ocr_line' id='line_1_17' title="bbox 226 1764 2239 1843; baseline -0.002 -16"><span class='ocrx_word' id='word_1_121' title='bbox 226 1788 265 1827; x_wconf 89' lang='lat' dir='ltr'>e</span> <span class='ocrx_word' id='word_1_122' title='bbox 297 1768 537 1843; x_wconf 88' lang='lat' dir='ltr'>regione</span> <span class='ocrx_word' id='word_1_123' title='bbox 576 1767 743 1826; x_wconf 90' lang='lat' dir='ltr'>turris</span> <span class='ocrx_word' id='word_1_124' title='bbox 783 1765 1145 1843; x_wconf 82' lang='lat' dir='ltr'>proiciebat3</span> <span class='ocrx_word' id='word_1_125' title='bbox 1186 1766 1498 1842; x_wconf 90' lang='lat' dir='ltr'>scorpione</span> <span class='ocrx_word' id='word_1_126' title='bbox 1541 1766 1617 1825; x_wconf 92' lang='lat' dir='ltr'>ab</span> <span class='ocrx_word' id='word_1_127' title='bbox 1657 1764 1836 1825; x_wconf 87' lang='lat' dir='ltr'>latere</span> <span class='ocrx_word' id='word_1_128' title='bbox 1879 1764 2087 1825; x_wconf 90' lang='lat' dir='ltr'>dextro</span> <span class='ocrx_word' id='word_1_129' title='bbox 2129 1774 2239 1824; x_wconf 89' lang='lat' dir='ltr'>tra-</span> 
     </span>
     <span class='ocr_line' id='line_1_18' title="bbox 226 1855 2242 1935; baseline -0.002 -17"><span class='ocrx_word' id='word_1_130' title='bbox 226 1861 423 1918; x_wconf 91' lang='lat' dir='ltr'>iectus</span> <span class='ocrx_word' id='word_1_131' title='bbox 478 1857 956 1935; x_wconf 86' lang='lat' dir='ltr'>exanimatusque</span> <span class='ocrx_word' id='word_1_132' title='bbox 1012 1856 1293 1917; x_wconf 89' lang='lat' dir='ltr'>concidit.</span> <span class='ocrx_word' id='word_1_133' title='bbox 1395 1858 1581 1915; x_wconf 90' lang='lat' dir='ltr'>Hunc</span> <span class='ocrx_word' id='word_1_134' title='bbox 1629 1874 1704 1915; x_wconf 92' lang='lat' dir='ltr'>ex</span> <span class='ocrx_word' id='word_1_135' title='bbox 1757 1855 2038 1933; x_wconf 88' lang='lat' dir='ltr'>proximis</span> <span class='ocrx_word' id='word_1_136' title='bbox 2093 1874 2242 1915; x_wconf 90' lang='lat' dir='ltr'>unus</span> 
     </span>
     <span class='ocr_line' id='line_1_19' title="bbox 226 1945 2240 2025; baseline -0.001 -17"><span class='ocrx_word' id='word_1_137' title='bbox 226 1950 528 2008; x_wconf 89' lang='lat' dir='ltr'>iacentem</span> <span class='ocrx_word' id='word_1_138' title='bbox 557 1958 943 2025; x_wconf 84' lang='lat' dir='ltr'>transgressus</span> <span class='ocrx_word' id='word_1_139' title='bbox 972 1947 1187 2008; x_wconf 89' lang='lat' dir='ltr'>eodem</span> <span class='ocrx_word' id='word_1_140' title='bbox 1216 1947 1315 2007; x_wconf 92' lang='lat' dir='ltr'>illo</span> <span class='ocrx_word' id='word_1_141' title='bbox 1336 1964 1580 2007; x_wconf 90' lang='lat' dir='ltr'>munere</span> <span class='ocrx_word' id='word_1_142' title='bbox 1601 1946 1948 2024; x_wconf 87' lang='lat' dir='ltr'>fungebatur</span> <span class='ocrx_word' id='word_1_143' title='bbox 1969 1968 1986 2022; x_wconf 84' lang='lat'>;</span> <span class='ocrx_word' id='word_1_144' title='bbox 2031 1945 2240 2006; x_wconf 88' lang='lat' dir='ltr'>eadem</span> 
     </span>
     <span class='ocr_line' id='line_1_20' title="bbox 226 2037 2244 2117; baseline -0.002 -17"><span class='ocrx_word' id='word_1_145' title='bbox 226 2041 461 2099; x_wconf 89' lang='lat' dir='ltr'>ratione</span> <span class='ocrx_word' id='word_1_146' title='bbox 501 2040 620 2098; x_wconf 91' lang='lat' dir='ltr'>ictu</span> <span class='ocrx_word' id='word_1_147' title='bbox 658 2037 982 2117; x_wconf 87' lang='lat' dir='ltr'>scorpionis</span> <span class='ocrx_word' id='word_1_148' title='bbox 1024 2038 1355 2098; x_wconf 88' lang='lat' dir='ltr'>exanimato</span> <span class='ocrx_word' id='word_1_149' title='bbox 1397 2038 1562 2097; x_wconf 89' lang='lat' dir='ltr'>alteri</span> <span class='ocrx_word' id='word_1_150' title='bbox 1607 2038 1892 2099; x_wconf 89' lang='lat' dir='ltr'>successit</span> <span class='ocrx_word' id='word_1_151' title='bbox 1939 2037 2138 2097; x_wconf 89' lang='lat' dir='ltr'>tertius</span> <span class='ocrx_word' id='word_1_152' title='bbox 2183 2046 2244 2096; x_wconf 91' lang='lat' dir='ltr'>et</span> 
     </span>
     <span class='ocr_line' id='line_1_21' title="bbox 227 2128 2334 2207; baseline 0 -16"><span class='ocrx_word' id='word_1_153' title='bbox 227 2133 407 2191; x_wconf 88' lang='lat' dir='ltr'>tertio</span> <span class='ocrx_word' id='word_1_154' title='bbox 453 2141 707 2206; x_wconf 90' lang='lat' dir='ltr'>quartus,</span> <span class='ocrx_word' id='word_1_155' title='bbox 753 2149 867 2190; x_wconf 88' lang='lat' dir='ltr'>nec</span> <span class='ocrx_word' id='word_1_156' title='bbox 915 2130 1073 2206; x_wconf 90' lang='lat' dir='ltr'>prius</span> <span class='ocrx_word' id='word_1_157' title='bbox 1113 2129 1207 2190; x_wconf 90' lang='lat' dir='ltr'>ille</span> <span class='ocrx_word' id='word_1_158' title='bbox 1248 2140 1338 2188; x_wconf 90' lang='lat' dir='ltr'>est</span> <span class='ocrx_word' id='word_1_159' title='bbox 1377 2149 1416 2188; x_wconf 92' lang='lat' dir='ltr'>a</span> <span class='ocrx_word' id='word_1_160' title='bbox 1455 2128 1981 2207; x_wconf 88' lang='lat' dir='ltr'>propugnatoribus</span> <span class='ocrx_word' id='word_1_161' title='bbox 2024 2148 2242 2188; x_wconf 90' lang='lat' dir='ltr'>vacuus</span> <span class='ocrx_word' id='word_1_162' title='bbox 2272 2156 2334 2192; x_wconf 89' lang='lat'>20</span> 
     </span>
     <span class='ocr_line' id='line_1_22' title="bbox 226 2221 2241 2299; baseline -0.001 -17"><span class='ocrx_word' id='word_1_163' title='bbox 226 2224 468 2282; x_wconf 88' lang='lat' dir='ltr'>relictus</span> <span class='ocrx_word' id='word_1_164' title='bbox 508 2222 692 2295; x_wconf 79' lang='lat' dir='ltr'>locuS,</span> <span class='ocrx_word' id='word_1_165' title='bbox 736 2239 913 2298; x_wconf 89' lang='lat' dir='ltr'>quam</span> <span class='ocrx_word' id='word_1_166' title='bbox 960 2221 1241 2282; x_wconf 89' lang='lat' dir='ltr'>restincto</span> <span class='ocrx_word' id='word_1_167' title='bbox 1286 2239 1500 2298; x_wconf 88' lang='lat' dir='ltr'>aggere</span> <span class='ocrx_word' id='word_1_168' title='bbox 1542 2231 1720 2299; x_wconf 91' lang='lat' dir='ltr'>atque</span> <span class='ocrx_word' id='word_1_169' title='bbox 1761 2221 1924 2282; x_wconf 92' lang='lat' dir='ltr'>omni</span> <span class='ocrx_word' id='word_1_170' title='bbox 1965 2239 2038 2280; x_wconf 90' lang='lat' dir='ltr'>ex</span> <span class='ocrx_word' id='word_1_171' title='bbox 2081 2230 2241 2297; x_wconf 89' lang='lat' dir='ltr'>parte</span> 
     </span>
     <span class='ocr_line' id='line_1_23' title="bbox 230 2311 1674 2389; baseline -0.001 -15"><span class='ocrx_word' id='word_1_172' title='bbox 230 2315 544 2374; x_wconf 89' lang='lat' dir='ltr'>summotis</span> <span class='ocrx_word' id='word_1_173' title='bbox 572 2313 836 2373; x_wconf 89' lang='lat' dir='ltr'>hostibus</span> <span class='ocrx_word' id='word_1_174' title='bbox 862 2313 995 2372; x_wconf 91' lang='lat' dir='ltr'>finis</span> <span class='ocrx_word' id='word_1_175' title='bbox 1022 2322 1111 2372; x_wconf 90' lang='lat' dir='ltr'>est</span> <span class='ocrx_word' id='word_1_176' title='bbox 1138 2311 1443 2389; x_wconf 90' lang='lat' dir='ltr'>pugnandi</span> <span class='ocrx_word' id='word_1_177' title='bbox 1467 2311 1674 2374; x_wconf 81' lang='lat' dir='ltr'>factuS.</span> 
     </span>
    </p>

    <p class='ocr_par' dir='ltr' id='par_1_4' title="bbox 230 2402 2340 3854">
     <span class='ocr_line' id='line_1_24' title="bbox 313 2402 2243 2481; baseline -0.001 -17"><span class='ocrx_word' id='word_1_178' title='bbox 313 2405 534 2464; x_wconf 85' lang='lat' dir='ltr'>XXVI.</span> <span class='ocrx_word' id='word_1_179' title='bbox 578 2402 796 2464; x_wconf 88' lang='lat' dir='ltr'>Omnia</span> <span class='ocrx_word' id='word_1_180' title='bbox 839 2403 1063 2481; x_wconf 86' lang='lat' dir='ltr'>experti</span> <span class='ocrx_word' id='word_1_181' title='bbox 1106 2403 1277 2478; x_wconf 91' lang='lat' dir='ltr'>Galli,</span> <span class='ocrx_word' id='word_1_182' title='bbox 1322 2402 1487 2480; x_wconf 91' lang='lat' dir='ltr'>quod</span> <span class='ocrx_word' id='word_1_183' title='bbox 1528 2422 1620 2463; x_wconf 91' lang='lat' dir='ltr'>res</span> <span class='ocrx_word' id='word_1_184' title='bbox 1662 2405 1818 2463; x_wconf 90' lang='lat' dir='ltr'>nulla</span> <span class='ocrx_word' id='word_1_185' title='bbox 1867 2414 2243 2476; x_wconf 90' lang='lat' dir='ltr'>successerat,</span> 
     </span>
     <span class='ocr_line' id='line_1_25' title="bbox 230 2494 2244 2573; baseline 0 -18"><span class='ocrx_word' id='word_1_186' title='bbox 230 2507 473 2573; x_wconf 91' lang='lat' dir='ltr'>postero</span> <span class='ocrx_word' id='word_1_187' title='bbox 494 2495 592 2554; x_wconf 92' lang='lat' dir='ltr'>die</span> <span class='ocrx_word' id='word_1_188' title='bbox 622 2494 931 2554; x_wconf 88' lang='lat' dir='ltr'>consilium</span> <span class='ocrx_word' id='word_1_189' title='bbox 960 2504 1243 2571; x_wconf 89' lang='lat' dir='ltr'>ceperunt</span> <span class='ocrx_word' id='word_1_190' title='bbox 1268 2513 1343 2554; x_wconf 87' lang='lat' dir='ltr'>ex</span> <span class='ocrx_word' id='word_1_191' title='bbox 1370 2495 1600 2571; x_wconf 92' lang='lat' dir='ltr'>oppido</span> <span class='ocrx_word' id='word_1_192' title='bbox 1626 2495 1955 2572; x_wconf 88' lang='lat' dir='ltr'>profugere,</span> <span class='ocrx_word' id='word_1_193' title='bbox 1977 2495 2244 2556; x_wconf 87' lang='lat' dir='ltr'>hortante</span> 
     </span>
     <span class='ocr_line' id='line_1_26' title="bbox 232 2585 2336 2666; baseline 0.001 -20"><span class='ocrx_word' id='word_1_194' title='bbox 232 2598 293 2646; x_wconf 91' lang='lat' dir='ltr'>et</span> <span class='ocrx_word' id='word_1_195' title='bbox 349 2587 588 2645; x_wconf 89' lang='lat' dir='ltr'>iubente</span> <span class='ocrx_word' id='word_1_196' title='bbox 637 2585 1131 2661; x_wconf 89' lang='lat' dir='ltr'>Vercingetorige.</span> <span class='ocrx_word' id='word_1_197' title='bbox 1219 2585 1292 2644; x_wconf 97' lang='lat' dir='ltr'>Id</span> <span class='ocrx_word' id='word_1_198' title='bbox 1348 2585 1576 2646; x_wconf 89' lang='lat' dir='ltr'>silentio</span> <span class='ocrx_word' id='word_1_199' title='bbox 1631 2586 1821 2646; x_wconf 90' lang='lat' dir='ltr'>noctis</span> <span class='ocrx_word' id='word_1_200' title='bbox 1872 2587 2066 2647; x_wconf 89' lang='lat' dir='ltr'>conati</span> <span class='ocrx_word' id='word_1_201' title='bbox 2127 2605 2247 2647; x_wconf 92' lang='lat' dir='ltr'>non</span> <span class='ocrx_word' id='word_1_202' title='bbox 2273 2613 2336 2666; x_wconf 84' lang='lat'>25</span> 
     </span>
     <span class='ocr_line' id='line_1_27' title="bbox 230 2675 2247 2757; baseline 0.001 -20"><span class='ocrx_word' id='word_1_203' title='bbox 230 2696 452 2753; x_wconf 90' lang='lat' dir='ltr'>magna</span> <span class='ocrx_word' id='word_1_204' title='bbox 490 2677 712 2736; x_wconf 90' lang='lat' dir='ltr'>iactura</span> <span class='ocrx_word' id='word_1_205' title='bbox 759 2694 996 2736; x_wconf 91' lang='lat' dir='ltr'>suorum</span> <span class='ocrx_word' id='word_1_206' title='bbox 1044 2694 1170 2735; x_wconf 90' lang='lat' dir='ltr'>sese</span> <span class='ocrx_word' id='word_1_207' title='bbox 1222 2675 1532 2736; x_wconf 86' lang='lat' dir='ltr'>effecturos</span> <span class='ocrx_word' id='word_1_208' title='bbox 1579 2681 1904 2754; x_wconf 89' lang='lat' dir='ltr'>sperabant,</span> <span class='ocrx_word' id='word_1_209' title='bbox 1935 2691 2247 2757; x_wconf 89' lang='lat' dir='ltr'>propterea</span> 
     </span>
     <span class='ocr_line' id='line_1_28' title="bbox 231 2765 2242 2847; baseline 0.001 -20"><span class='ocrx_word' id='word_1_210' title='bbox 231 2767 402 2844; x_wconf 92' lang='lat' dir='ltr'>quod</span> <span class='ocrx_word' id='word_1_211' title='bbox 430 2785 624 2843; x_wconf 91' lang='lat' dir='ltr'>neque</span> <span class='ocrx_word' id='word_1_212' title='bbox 656 2767 831 2844; x_wconf 91' lang='lat' dir='ltr'>longe</span> <span class='ocrx_word' id='word_1_213' title='bbox 858 2768 935 2827; x_wconf 90' lang='lat' dir='ltr'>ab</span> <span class='ocrx_word' id='word_1_214' title='bbox 970 2765 1194 2844; x_wconf 90' lang='lat' dir='ltr'>oppido</span> <span class='ocrx_word' id='word_1_215' title='bbox 1234 2777 1423 2826; x_wconf 89' lang='lat' dir='ltr'>castra</span> <span class='ocrx_word' id='word_1_216' title='bbox 1448 2769 1937 2847; x_wconf 88' lang='lat' dir='ltr'>Vercingetorigis</span> <span class='ocrx_word' id='word_1_217' title='bbox 1979 2772 2242 2844; x_wconf 89' lang='lat' dir='ltr'>aberant,</span> 
     </span>
     <span class='ocr_line' id='line_1_29' title="bbox 232 2857 2246 2936; baseline 0.001 -17"><span class='ocrx_word' id='word_1_218' title='bbox 232 2869 295 2919; x_wconf 90' lang='lat' dir='ltr'>et</span> <span class='ocrx_word' id='word_1_219' title='bbox 350 2859 535 2934; x_wconf 81' lang='lat' dir='ltr'>paluS,</span> <span class='ocrx_word' id='word_1_220' title='bbox 585 2875 738 2934; x_wconf 89' lang='lat' dir='ltr'>quae</span> <span class='ocrx_word' id='word_1_221' title='bbox 792 2867 1077 2936; x_wconf 86' lang='lat' dir='ltr'>perpetua</span> <span class='ocrx_word' id='word_1_222' title='bbox 1128 2857 1548 2931; x_wconf 87' lang='lat' dir='ltr'>intercedebat,</span> <span class='ocrx_word' id='word_1_223' title='bbox 1601 2863 1907 2921; x_wconf 86' lang='lat' dir='ltr'>Romanos</span> <span class='ocrx_word' id='word_1_224' title='bbox 1963 2862 2041 2921; x_wconf 92' lang='lat' dir='ltr'>ad</span> <span class='ocrx_word' id='word_1_225' title='bbox 2093 2861 2246 2922; x_wconf 90' lang='lat' dir='ltr'>inse-</span> 
     </span>
     <span class='ocr_line' id='line_1_30' title="bbox 232 2947 2244 3030; baseline 0.001 -22"><span class='ocrx_word' id='word_1_226' title='bbox 232 2947 543 3028; x_wconf 88' lang='lat' dir='ltr'>quendum</span> <span class='ocrx_word' id='word_1_227' title='bbox 586 2947 866 3009; x_wconf 86' lang='lat' dir='ltr'>tardabat.</span> <span class='ocrx_word' id='word_1_228' title='bbox 953 2949 1201 3024; x_wconf 89' lang='lat' dir='ltr'>Iamque</span> <span class='ocrx_word' id='word_1_229' title='bbox 1243 2948 1361 3008; x_wconf 93' lang='lat' dir='ltr'>hoc</span> <span class='ocrx_word' id='word_1_230' title='bbox 1402 2949 1594 3010; x_wconf 90' lang='lat' dir='ltr'>facere</span> <span class='ocrx_word' id='word_1_231' title='bbox 1642 2962 1821 3011; x_wconf 92' lang='lat' dir='ltr'>noctu</span> <span class='ocrx_word' id='word_1_232' title='bbox 1868 2954 2244 3030; x_wconf 90' lang='lat' dir='ltr'>apparabant,</span> 
     </span>
     <span class='ocr_line' id='line_1_31' title="bbox 231 3038 2340 3124; baseline 0.003 -24"><span class='ocrx_word' id='word_1_233' title='bbox 231 3060 375 3100; x_wconf 90' lang='lat' dir='ltr'>cum</span> <span class='ocrx_word' id='word_1_234' title='bbox 404 3038 867 3099; x_wconf 85' lang='lat' dir='ltr'>matresfamiliae</span> <span class='ocrx_word' id='word_1_235' title='bbox 895 3049 1135 3116; x_wconf 90' lang='lat' dir='ltr'>repente</span> <span class='ocrx_word' id='word_1_236' title='bbox 1165 3039 1226 3098; x_wconf 91' lang='lat' dir='ltr'>in</span> <span class='ocrx_word' id='word_1_237' title='bbox 1254 3040 1555 3116; x_wconf 83' lang='lat' dir='ltr'>publicum</span> <span class='ocrx_word' id='word_1_238' title='bbox 1584 3054 1992 3119; x_wconf 90' lang='lat' dir='ltr'>procurrerunt</span> <span class='ocrx_word' id='word_1_239' title='bbox 2012 3044 2245 3104; x_wconf 89' lang='lat' dir='ltr'>flentes·</span> <span class='ocrx_word' id='word_1_240' title='bbox 2277 3073 2340 3124; x_wconf 89' lang='lat'>30</span> 
     </span>
     <span class='ocr_line' id='line_1_32' title="bbox 233 3129 2244 3212; baseline 0.001 -20"><span class='ocrx_word' id='word_1_241' title='bbox 233 3150 353 3209; x_wconf 92' lang='lat' dir='ltr'>que</span> <span class='ocrx_word' id='word_1_242' title='bbox 383 3130 681 3208; x_wconf 91' lang='lat' dir='ltr'>proiectae</span> <span class='ocrx_word' id='word_1_243' title='bbox 709 3129 786 3189; x_wconf 85' lang='lat' dir='ltr'>ad</span> <span class='ocrx_word' id='word_1_244' title='bbox 813 3129 1000 3208; x_wconf 88' lang='lat' dir='ltr'>pedes</span> <span class='ocrx_word' id='word_1_245' title='bbox 1037 3151 1273 3192; x_wconf 90' lang='lat' dir='ltr'>suorum</span> <span class='ocrx_word' id='word_1_246' title='bbox 1308 3133 1583 3194; x_wconf 89' lang='lat' dir='ltr'>omnibus</span> <span class='ocrx_word' id='word_1_247' title='bbox 1623 3135 1894 3210; x_wconf 90' lang='lat' dir='ltr'>precibus</span> <span class='ocrx_word' id='word_1_248' title='bbox 1937 3137 2244 3212; x_wconf 90' lang='lat' dir='ltr'>petierunt,</span> 
     </span>
     <span class='ocr_line' id='line_1_33' title="bbox 230 3219 2245 3302; baseline 0 -19"><span class='ocrx_word' id='word_1_249' title='bbox 230 3241 313 3283; x_wconf 91' lang='lat' dir='ltr'>ne</span> <span class='ocrx_word' id='word_1_250' title='bbox 342 3241 405 3282; x_wconf 89' lang='lat' dir='ltr'>se</span> <span class='ocrx_word' id='word_1_251' title='bbox 435 3231 495 3281; x_wconf 91' lang='lat' dir='ltr'>et</span> <span class='ocrx_word' id='word_1_252' title='bbox 521 3239 869 3280; x_wconf 88' lang='lat' dir='ltr'>communes</span> <span class='ocrx_word' id='word_1_253' title='bbox 898 3223 1109 3283; x_wconf 92' lang='lat' dir='ltr'>liberos</span> <span class='ocrx_word' id='word_1_254' title='bbox 1139 3224 1402 3283; x_wconf 91' lang='lat' dir='ltr'>hostibus</span> <span class='ocrx_word' id='word_1_255' title='bbox 1437 3224 1515 3284; x_wconf 91' lang='lat' dir='ltr'>ad</span> <span class='ocrx_word' id='word_1_256' title='bbox 1549 3219 1914 3302; x_wconf 56' lang='lat' dir='ltr'>supplicium⁴</span> <span class='ocrx_word' id='word_1_257' title='bbox 1940 3226 2245 3299; x_wconf 89' lang='lat' dir='ltr'>dederent,</span> 
     </span>
     <span class='ocr_line' id='line_1_34' title="bbox 233 3312 2247 3394; baseline 0.001 -21"><span class='ocrx_word' id='word_1_258' title='bbox 233 3332 389 3390; x_wconf 90' lang='lat' dir='ltr'>quos</span> <span class='ocrx_word' id='word_1_259' title='bbox 418 3312 495 3372; x_wconf 92' lang='lat' dir='ltr'>ad</span> <span class='ocrx_word' id='word_1_260' title='bbox 524 3313 872 3389; x_wconf 91' lang='lat' dir='ltr'>capiendam</span> <span class='ocrx_word' id='word_1_261' title='bbox 905 3317 1099 3394; x_wconf 89' lang='lat' dir='ltr'>fugam</span> <span class='ocrx_word' id='word_1_262' title='bbox 1133 3324 1373 3374; x_wconf 90' lang='lat' dir='ltr'>naturae</span> <span class='ocrx_word' id='word_1_263' title='bbox 1405 3326 1464 3375; x_wconf 92' lang='lat' dir='ltr'>et</span> <span class='ocrx_word' id='word_1_264' title='bbox 1489 3316 1694 3374; x_wconf 89' lang='lat' dir='ltr'>virium</span> <span class='ocrx_word' id='word_1_265' title='bbox 1729 3316 2028 3376; x_wconf 89' lang='lat' dir='ltr'>infirmitas</span> <span class='ocrx_word' id='word_1_266' title='bbox 2063 3319 2247 3394; x_wconf 91' lang='lat' dir='ltr'>impe-</span> 
     </span>
     <span class='ocr_line' id='line_1_35' title="bbox 233 3404 2250 3484; baseline 0.001 -19"><span class='ocrx_word' id='word_1_267' title='bbox 233 3406 406 3465; x_wconf 90' lang='lat' dir='ltr'>diret.</span> <span class='ocrx_word' id='word_1_268' title='bbox 491 3404 613 3464; x_wconf 88' lang='lat' dir='ltr'>Ubi</span> <span class='ocrx_word' id='word_1_269' title='bbox 642 3423 745 3465; x_wconf 92' lang='lat' dir='ltr'>eos</span> <span class='ocrx_word' id='word_1_270' title='bbox 774 3409 831 3468; x_wconf 90' lang='lat' dir='ltr'>in</span> <span class='ocrx_word' id='word_1_271' title='bbox 872 3407 1162 3468; x_wconf 89' lang='lat' dir='ltr'>sententia</span> <span class='ocrx_word' id='word_1_272' title='bbox 1197 3417 1453 3482; x_wconf 91' lang='lat' dir='ltr'>perstare</span> <span class='ocrx_word' id='word_1_273' title='bbox 1481 3406 1768 3480; x_wconf 89' lang='lat' dir='ltr'>viderunt,</span> <span class='ocrx_word' id='word_1_274' title='bbox 1798 3408 1960 3483; x_wconf 92' lang='lat' dir='ltr'>quod</span> <span class='ocrx_word' id='word_1_275' title='bbox 2001 3409 2250 3484; x_wconf 90' lang='lat' dir='ltr'>plerum-</span> 
     </span>
     <span class='ocr_line' id='line_1_36' title="bbox 232 3496 2339 3575; baseline 0.001 -19"><span class='ocrx_word' id='word_1_276' title='bbox 232 3514 353 3574; x_wconf 90' lang='lat' dir='ltr'>que</span> <span class='ocrx_word' id='word_1_277' title='bbox 402 3496 466 3554; x_wconf 90' lang='lat' dir='ltr'>in</span> <span class='ocrx_word' id='word_1_278' title='bbox 514 3513 746 3556; x_wconf 88' lang='lat' dir='ltr'>summo</span> <span class='ocrx_word' id='word_1_279' title='bbox 802 3500 1062 3575; x_wconf 89' lang='lat' dir='ltr'>periculo</span> <span class='ocrx_word' id='word_1_280' title='bbox 1118 3499 1295 3559; x_wconf 89' lang='lat' dir='ltr'>timor</span> <span class='ocrx_word' id='word_1_281' title='bbox 1346 3496 1802 3557; x_wconf 87' lang='lat' dir='ltr'>misericordiam</span> <span class='ocrx_word' id='word_1_282' title='bbox 1853 3517 1975 3558; x_wconf 92' lang='lat' dir='ltr'>non</span> <span class='ocrx_word' id='word_1_283' title='bbox 2023 3499 2248 3575; x_wconf 89' lang='lat' dir='ltr'>recipit,</span> <span class='ocrx_word' id='word_1_284' title='bbox 2277 3517 2339 3571; x_wconf 87' lang='lat'>35</span> 
     </span>
     <span class='ocr_line' id='line_1_37' title="bbox 234 3588 2249 3667; baseline 0 -19"><span class='ocrx_word' id='word_1_285' title='bbox 234 3590 609 3650; x_wconf 89' lang='lat' dir='ltr'>conclamare</span> <span class='ocrx_word' id='word_1_286' title='bbox 639 3600 698 3650; x_wconf 91' lang='lat' dir='ltr'>et</span> <span class='ocrx_word' id='word_1_287' title='bbox 724 3591 1045 3667; x_wconf 90' lang='lat' dir='ltr'>significare</span> <span class='ocrx_word' id='word_1_288' title='bbox 1079 3589 1155 3650; x_wconf 91' lang='lat' dir='ltr'>de</span> <span class='ocrx_word' id='word_1_289' title='bbox 1183 3589 1321 3665; x_wconf 87' lang='lat' dir='ltr'>fuga</span> <span class='ocrx_word' id='word_1_290' title='bbox 1357 3588 1642 3648; x_wconf 88' lang='lat' dir='ltr'>Romanis</span> <span class='ocrx_word' id='word_1_291' title='bbox 1685 3599 2023 3665; x_wconf 89' lang='lat' dir='ltr'>coeperunt.</span> <span class='ocrx_word' id='word_1_292' title='bbox 2110 3589 2249 3664; x_wconf 83' lang='lat' dir='ltr'>Quo</span> 
     </span>
     <span class='ocr_line' id='line_1_38' title="bbox 236 3680 2233 3762; baseline -0.005 -21"><span class='ocrx_word' id='word_1_293' title='bbox 236 3681 447 3742; x_wconf 87' lang='lat' dir='ltr'>timore</span> <span class='ocrx_word' id='word_1_294' title='bbox 476 3682 763 3758; x_wconf 90' lang='lat' dir='ltr'>perterriti</span> <span class='ocrx_word' id='word_1_295' title='bbox 794 3681 962 3753; x_wconf 92' lang='lat' dir='ltr'>Galli,</span> <span class='ocrx_word' id='word_1_296' title='bbox 991 3699 1067 3740; x_wconf 90' lang='lat' dir='ltr'>ne</span> <span class='ocrx_word' id='word_1_297' title='bbox 1095 3682 1171 3739; x_wconf 89' lang='lat' dir='ltr'>ab</span> <span class='ocrx_word' id='word_1_298' title='bbox 1200 3680 1460 3756; x_wconf 90' lang='lat' dir='ltr'>equitatu</span> <span class='ocrx_word' id='word_1_299' title='bbox 1489 3680 1895 3740; x_wconf 88' lang='lat' dir='ltr'>Rornanorum</span> <span class='ocrx_word' id='word_1_300' title='bbox 1921 3680 2050 3742; x_wconf 87' lang='lat' dir='ltr'>viae</span> <span class='ocrx_word' id='word_1_301' title='bbox 2087 3697 2233 3762; x_wconf 62' lang='lat' dir='ltr'>prge»</span> 
     </span>
     <span class='ocr_line' id='line_1_39' title="bbox 237 3771 1349 3854; baseline -0.008 -15"><span class='ocrx_word' id='word_1_302' title='bbox 237 3783 689 3854; x_wconf 81' lang='lat' dir='ltr'>occuparentur,</span> <span class='ocrx_word' id='word_1_303' title='bbox 718 3773 963 3833; x_wconf 89' lang='lat' dir='ltr'>consilio</span> <span class='ocrx_word' id='word_1_304' title='bbox 990 3771 1349 3833; x_wconf 89' lang='lat' dir='ltr'>destiterunt.</span> 
     </span>
    </p>
   </div>
  </div>
 </body>
</html>
