2796 4207
772 262 918 315 ΜΒ.
961 262 1101 315 vn.
1146 262 1317 317 CAP.
1360 262 1838 317 xmv-an.
2243 243 2366 309 191

250 426 555 486 celeritate
604 444 780 503 posse
830 425 1077 499 mutari3
1139 425 1468 485 occasionis
1516 444 1642 486 esse
1692 445 1837 501 rem,
1886 445 2010 488 non
2056 428 2280 505 proelii.

253 519 379 578 His
430 518 604 577 rebus
658 517 935 594 expositis
1000 518 1227 595 signum
1284 516 1389 577 dat
1445 527 1506 577 et
1558 519 1635 579 ab
1689 518 1894 579 dextra
1947 530 2111 596 parte
2166 521 2280 581 alio

250 624 507 669 ascensu
550 608 767 668 eodem
809 619 1075 684 ternpore
1118 608 1359 668 Aeduos
1401 609 1588 669 mittit.

338 701 555 759 XLVI.
638 700 863 777 Oppidi
907 717 1103 759 murus
1151 696 1228 759 ab
1271 700 1511 776 planitie
1559 710 1736 776 atque
1781 700 1946 759 initio
2001 719 2279 762 ascensus

252 800 423 851 recta
446 791 703 867 regione,
734 792 781 851 si
809 791 1001 850 nullus
1028 790 1337 850 amfractus
1366 790 1770 863 intercederet,
1794 792 1948 851 mille
1989 789 2278 853 ducentos
2310 812 2336 863 5

254 899 465 958 passus
507 882 706 941 aberat
726 903 743 955 3
787 881 1069 957 quicquid
1098 880 1215 939 huc
1242 882 1516 941 circuitus
1544 881 1622 940 ad
1651 881 2033 941 molliendum
2061 883 2276 941 clivum

252 983 605 1045 accesserat,
648 972 710 1031 id
752 973 1004 1048 spatium
1045 972 1263 1031 itineris
1304 972 1574 1049 augebat.
1657 974 1710 1030 A
1739 972 1940 1032 medio
1969 974 2088 1032 fere
2127 974 2276 1033 colle

254 1064 321 1127 in
348 1063 792 1140 longitudinem,
820 1073 887 1122 ut
922 1072 1127 1122 natura
1167 1064 1381 1122 montis
1412 1063 1649 1136 ferebat,
1679 1081 1754 1122 ex
1784 1062 2098 1140 grandibus
2125 1066 2276 1123 saxis

255 1172 367 1215 sex
407 1153 629 1230 pedum
672 1172 920 1225 murum,
960 1154 1061 1229 qui
1103 1164 1436 1213 nostrorum
1477 1154 1764 1229 impeturn
1805 1153 2074 1226 tardaret,
2110 1172 2274 1230 prae-

256 1244 550 1305 duxerant
576 1245 728 1305 Galli
755 1254 931 1320 atque
959 1244 1227 1303 inferiore
1255 1244 1420 1303 omni
1448 1245 1637 1320 spatio
1657 1262 1844 1303 vacuo
1872 1245 2075 1304 relicto
2103 1263 2274 1321 supe·
2308 1272 2365 1308 ιο

256 1336 472 1395 riorem
528 1345 754 1411 partem
808 1334 972 1393 collis
1014 1352 1201 1409 usque
1251 1333 1328 1392 ad
1386 1352 1617 1392 murum
1663 1334 1871 1410 oppidi
1919 1334 2275 1397 densissimis

259 1427 463 1485 castris
506 1425 959 1501 compleverant.
1044 1424 1262 1484 Milites
1304 1424 1445 1484 dato
1489 1426 1656 1501 signo
1690 1425 1954 1484 celeriter
1979 1426 2058 1486 ad
2087 1429 2274 1489 muni-

259 1517 489 1576 tionem
508 1516 850 1591 perveniunt
880 1533 1131 1591 eamque
1158 1515 1498 1591 transgressi
1526 1516 1686 1574 trinis
1709 1517 1908 1575 castris
1937 1518 2273 1593 potiuntur;

260 1624 333 1666 ac
362 1616 524 1665 tanta
550 1607 654 1665 fuit
681 1606 741 1665 in
770 1606 969 1665 castris
997 1605 1300 1683 capiendis
1338 1606 1618 1678 celeritas,
1648 1616 1712 1664 ut
1739 1607 2139 1681 Teutomatus,
2167 1628 2271 1669 rex

263 1697 697 1773 Nitiobrogum,
721 1696 913 1756 subito
934 1697 995 1755 in
1016 1696 1394 1756 tabernaculo
1423 1714 1753 1772 oppressuS,
1778 1708 1842 1756 ut
1863 1698 2103 1758 meridie
2127 1718 2266 1760 con·
2306 1716 2363 1769 15

262 1788 580 1865 quieverat,
608 1788 903 1863 superiore
932 1787 1194 1862 corporis
1222 1796 1383 1863 parte
1413 1786 1648 1859 nudata,
1671 1787 1972 1847 vulnerato
2001 1807 2157 1867 equo
2178 1792 2272 1849 vix

262 1897 325 1938 se
355 1897 433 1938 ex
460 1878 727 1937 manibus
755 1877 1161 1953 praedantium
1190 1878 1435 1936 militum
1466 1878 1731 1954 eriperet.

342 1969 591 2029 XLVII.
636 1969 1006 2028 Consecutus
1047 1968 1127 2040 id,
1168 1968 1330 2045 quod
1372 1969 1570 2027 animo
1614 1979 2012 2046 proposuerat,
2057 1972 2274 2032 Caesar

262 2060 528 2138 receptui
570 2059 701 2118 cani
741 2058 905 2119 iussit
943 2058 1306 2136 legionisque
1349 2058 1636 2135 decimae,
1665 2078 1920 2137 quacum
1955 2072 2095 2136 erat,
2127 2081 2288 2124 con--

263 2153 431 2212 tinuo
472 2150 636 2226 signa
675 2150 991 2210 constituit.
1074 2153 1151 2210 At
1176 2151 1528 2228 reliquarum
1569 2151 1866 2228 legionum
1908 2154 2116 2214 milites
2151 2174 2272 2216 non
2301 2178 2363 2215 20

263 2239 543 2302 exaudito
578 2241 751 2301 tubae
788 2259 957 2310 sone,
999 2241 1159 2317 quod
1205 2243 1340 2301 satis
1382 2259 1596 2319 magna
1631 2243 1808 2302 valles
1849 2243 2268 2321 intercedebat,

263 2346 468 2395 tamen
494 2335 571 2394 ab
596 2334 837 2394 tribunis
874 2335 1122 2394 militurn
1150 2334 1488 2410 legatisque,
1517 2345 1582 2395 ut
1609 2346 1734 2395 erat
1760 2355 1796 2395 a
1824 2336 2075 2398 Caesare
2103 2357 2270 2415 prae-

264 2435 526 2503 ceptum,
565 2425 997 2498 retinebantur3
1042 2425 1149 2484 sed
1179 2426 1311 2484 elati
1339 2444 1446 2502 spe
1487 2427 1690 2486 celeris
1718 2427 1994 2487 victoriae
2039 2440 2099 2489 et
2140 2431 2273 2492 hos·

264 2519 411 2578 tium
458 2517 593 2593 fuga
636 2525 697 2575 et
739 2517 1103 2594 superiorum
1154 2527 1488 2594 temporum
1531 2518 1803 2578 secundis
1847 2520 2079 2596 proeliis
2124 2523 2268 2582 nihil

263 2610 419 2672 adeo
448 2610 696 2669 arduum
724 2610 830 2669 sibi
867 2628 995 2670 esse
1030 2611 1516 2686 existimaverunt,
1547 2611 1710 2688 quod
1738 2630 1860 2671 non
1888 2613 2095 2674 virtute
2125 2634 2267 2676 con-
2301 2632 2363 2687 25

264 2704 433 2780 sequi
477 2711 733 2779 possent,
776 2720 970 2779 neque
1020 2703 1201 2762 finem
1242 2703 1400 2779 prius
1443 2703 1732 2780 sequendi
1772 2705 2051 2778 fecerunt,
2094 2725 2272 2783 quam

264 2814 433 2855 muro
464 2793 669 2872 oppidi
696 2795 994 2872 portisque
1021 2795 1579 2872 appropinquarunt.
1647 2796 1804 2856 Turn
1825 2815 1965 2857 vero
1987 2815 2060 2857 ex
2081 2801 2270 2859 omni·

263 2888 373 2947 bus
392 2886 551 2946 urbis
571 2886 829 2963 partibus
852 2896 981 2946 orto
1009 2887 1281 2961 clamore,
1304 2888 1406 2964 qui
1425 2887 1652 2966 longius
1680 2889 1938 2964 aberant,
1958 2891 2268 2966 repentino

264 2977 513 3037 tumultu
542 2978 843 3054 perterriti,
873 2997 1010 3038 cum
1038 2979 1268 3038 hostem
1296 2979 1446 3038 intra
1473 2990 1666 3057 portas
1695 2999 1822 3040 esse
1857 2981 2269 3056 existimarent,

262 3086 394 3129 sese
429 3087 505 3127 ex
538 3068 763 3146 oppido
804 3069 1119 3152 eiecerunt.
1204 3071 1672 3131 Matresfamiliae
1715 3072 1792 3132 de
1835 3092 2003 3133 muro
2045 3084 2268 3134 vestem
2305 3091 2364 3143 30

263 3169 687 3237 argentumque
727 3160 1020 3220 iactabant
1060 3171 1120 3220 et
1160 3171 1401 3238 pectore
1442 3163 1606 3222 nudo
1647 3163 2044 3240 prominentes
2086 3166 2268 3242 passis

262 3251 535 3310 manibus
570 3250 1008 3311 obtestabantur
1036 3253 1357 3325 RornanOS,
1387 3264 1452 3312 ut
1480 3254 1590 3313 sibi
1617 3266 1922 3331 parcerent
1949 3274 2085 3331 neu,
2116 3257 2269 3316 sicut

262 3341 494 3401 Avarici
542 3341 831 3414 fecissent,
872 3361 948 3402 ne
991 3363 1027 3401 a
1067 3343 1402 3404 mulieribus
1451 3345 1693 3420 quidem
1738 3356 1913 3422 atque
1959 3347 2272 3407 infantibus

262 3432 659 3506 abstinerent,
716 3433 1029 3494 nonnullae
1071 3433 1147 3494 de
1189 3435 1367 3494 muris
1408 3454 1515 3512 per
1555 3455 1762 3496 manus
1805 3437 2093 3498 demissae
2137 3456 2266 3498 sese

263 3523 540 3583 militibus
576 3522 899 3584 tradebant.
986 3526 1053 3585 L.
1086 3526 1316 3600 Fabius,
1346 3527 1609 3587 centurio
1648 3527 1896 3604 legionis·
1926 3545 2044 3604 vm,
2090 3547 2270 3605 quem
2299 3547 2360 3599 35

264 3614 417 3674 inter
440 3632 578 3675 suos
606 3633 682 3674 eo
716 3615 813 3675 die
856 3616 1069 3684 dixisse
1112 3619 1435 3692 constabat,
1466 3619 1700 3678 excitari
1730 3637 1792 3679 se
1822 3621 2267 3681 Avaricensibus

266 3706 538 3781 praemiis
592 3725 788 3784 neque
844 3709 1307 3782 commissurum,
1355 3720 1420 3769 ut
1467 3711 1625 3787 prius
1673 3711 1982 3788 quisquam
2037 3730 2270 3772 murum

267 3796 627 3872 ascenderet,
657 3808 774 3858 tres
816 3817 953 3859 suos
993 3811 1198 3860 nactus
1240 3802 1627 3876 manipulares
1671 3812 1845 3876 atque
1879 3803 1954 3861 ab
1981 3803 2049 3862 iis
2079 3803 2266 3862 suble-
