2796 4207
461 242 544 313 98
1100 268 1209 320 DE
1264 268 1521 321 BELLo
1575 265 1938 319 GALL1co-

547 438 780 497 tonibus
822 447 880 496 et
923 438 1194 497 Santonis
1233 438 1587 514 reliquisque
1615 438 1837 514 pacatis
1866 438 2199 513 regionibus
2239 436 2553 495 convenire

546 529 802 602 iusserat,
827 529 1088 604 praeficit
1112 538 1188 600 et,
1214 547 1350 586 cum
1373 530 1625 604 primum
1648 537 1867 604 posset,
1891 528 1952 586 in
1974 530 2231 587 Venetos
2258 528 2555 605 proficisci

545 621 723 680 iubet.
809 621 944 696 Ipse
977 638 1049 678 eo
1078 619 1446 695 pedestribus
1476 620 1661 697 copiis
1691 618 2015 678 contendit.

924 788 1035 843 The
1059 788 1415 859 strongholds
1440 789 1565 841 and
1579 788 1739 858 slzzps
1762 790 1837 859 of
1849 788 1939 841 tlte
1976 786 2177 841 Veneti.

623 906 762 963 XII.
811 907 991 964 Erant
1037 904 1327 964 eiusmodi
1376 905 1495 962 fere
1546 905 1686 963 situs
1732 903 2104 980 oppidorum,
2146 912 2209 961 ut
2252 904 2445 979 posita
2492 903 2551 962 in

475 1005 516 1057 '5
545 996 816 1055 extremis
857 996 1084 1073 lingulis
1124 996 1654 1071 promunturiisque
1683 1014 1877 1070 neque
1906 996 2153 1071 pedibus
2182 993 2406 1053 aditum
2450 994 2549 1053 ha-

545 1087 770 1159 berent,
810 1106 946 1145 cum
985 1106 1058 1145 ex
1091 1087 1208 1145 alto
1253 1105 1315 1145 se
1362 1096 1556 1144 aestus
1605 1086 1976 1157 incitavisset,
2014 1084 2177 1159 quod
2226 1086 2273 1143 is
2319 1085 2552 1143 accedit

543 1196 775 1255 semper
801 1177 1072 1235 horarum
1101 1195 1184 1235 ΧΠ
1212 1178 1419 1252 spatio,
1442 1195 1636 1252 neque
1666 1176 1926 1247 navibuS,
1951 1175 2125 1251 quod'
2140 1194 2331 1235 rursus
2361 1176 2547 1234 minu-

539 1278 678 1347 ente
707 1279 871 1327 aestu
902 1288 1077 1327 naves
1107 1269 1166 1326 in
1187 1268 1352 1327 vadis
1398 1269 1828 1327 afflictarentur.
1901 1270 1991 1327 Ita
2019 1278 2260 1342 utraque
2288 1286 2350 1326 re
2380 1268 2549 1343 oppi-

543 1358 752 1417 dorum
783 1360 1143 1435 oppugnatio
1173 1358 1639 1434 impediebatur3
1684 1377 1753 1417 ac
1782 1359 1829 1417 si
1860 1357 2115 1432 quando,
2149 1357 2549 1433 magnitudine

459 1468 517 1503 10
543 1450 736 1525 operis
777 1450 922 1507 forte
965 1451 1238 1526 superati,
1274 1459 1507 1508 extruso
1547 1450 1690 1507 mari
1729 1467 1937 1525 aggere
1976 1467 2047 1507 ac
2086 1449 2336 1508 molibus
2370 1459 2548 1524 atque

543 1543 632 1602 his
674 1543 876 1619 oppidi
921 1543 1228 1601 moenibus
1257 1542 1613 1618 adaequatiS,
1645 1543 1761 1602 suis
1790 1542 2032 1600 fortunis
2072 1541 2379 1617 desperare
2408 1560 2545 1601 coe-

542 1644 766 1709 perant,
797 1652 1009 1709 magno
1051 1652 1298 1692 numero
1341 1635 1576 1693 navium
1616 1634 1881 1710 appulSO,
1926 1634 2091 1691 cuius
2134 1633 2216 1690 rei
2258 1652 2547 1691 summam

543 1728 872 1786 facultatem
899 1728 1210 1799 habebant,
1236 1747 1339 1787 sua
1361 1729 1751 1803 deportabant
1772 1728 1970 1786 omnia
1990 1744 2171 1801 seque
2195 1726 2254 1783 in
2282 1728 2549 1801 proxima

542 1819 763 1894 oppida
789 1820 1182 1894 recipiebant3
1227 1820 1304 1877 ibi
1334 1837 1395 1877 se
1426 1838 1616 1877 rursus
1645 1818 1831 1877 isdem
1861 1817 2392 1894 opportunitatibus
2431 1817 2547 1876 loci

459 1924 515 1977 15
543 1909 957 1968 defendebant.
1031 1912 1204 1968 Haec
1227 1929 1300 1967 eo
1323 1910 1544 1968 facilius
1566 1928 1834 1984 magnam
1865 1919 2090 1985 partem
2116 1908 2347 1966 aestatis
2370 1908 2545 1967 facie-

542 2002 698 2072 bant,
744 2000 906 2075 quod
948 2011 1178 2059 nostrae
1221 2019 1400 2059 naves
1443 2002 1883 2075 tempestatibus
1926 2001 2354 2071 detinebantur,
2392 2018 2549 2057 sum-

544 2112 754 2168 maque
785 2102 906 2151 erat
934 2103 1096 2151 vasto
1125 2101 1299 2169 atque
1330 2102 1532 2169 aperto
1561 2093 1723 2166 mari,
1755 2093 1977 2169 magnis
2006 2092 2277 2164 aestibus,
2307 2092 2445 2150 raris
2473 2111 2545 2150 ac

541 2202 726 2260 prope
756 2185 922 2242 nullis
951 2185 1231 2260 portibuS‚
1262 2184 1570 2243 difficultas
1598 2183 1924 2260 navigandi.

621 2277 795 2334 XIII.
843 2277 1115 2351 Namque
1158 2278 1412 2351 ipsorum
1456 2295 1632 2334 naves
1674 2275 1750 2334 ad
1779 2276 1935 2334 hunc
1965 2275 2211 2335 modum
2241 2277 2426 2337 factae
2456 2296 2542 2336 ar·

455 2388 516 2424 20
543 2377 850 2443 mataeque
882 2377 1045 2426 erant
1069 2390 1080 2424 ε
1114 2369 1340 2425 carinae
1372 2368 1666 2442 aliquanto
1696 2368 1983 2442 planiores
2012 2387 2189 2444 quam
2218 2379 2541 2428 nostrarum

541 2460 795 2530 navium,
826 2477 945 2534 quo
989 2458 1204 2516 facilius
1234 2458 1397 2531 ‚vada
1438 2477 1507 2516 ac
1551 2458 1859 2517 decessum
1888 2469 2081 2519 aestus
2111 2460 2377 2537 excipere
2409 2481 2543 2538 pos-

543 2560 708 2620 sent3
754 2567 959 2624 prorae
988 2549 1310 2608 admodum
1341 2559 1589 2620 erectae,
1621 2561 1793 2624 atque
1822 2551 1961 2608 item
1982 2561 2231 2627 'puppes
2266 2553 2343 2610 ad
2384 2573 2544 2630 mag-

543 2641 868 2698 nitudinem
913 2640 1192 2698 fluctuum
1235 2650 1766 2716 tempestatumque
1796 2643 2319 2717 accommodatae,
2367 2663 2543 2704 naves

543 2741 698 2789 totae
728 2732 913 2788 factae
943 2750 1016 2788 ex
1044 2733 1251 2790 robore
1281 2731 1358 2790 ad
1388 2733 1650 2807 quamvis
1681 2733 1795 2790 vim
1825 2742 1883 2790 et
1911 2737 2325 2794 contumeliam
2356 2737 2543 2812 perfe-

455 2831 513 2884 25
542 2821 822 2894 rendam,
873 2833 1112 2880 transtra
1155 2823 1456 2906 pedalibus
1502 2824 1561 2880 in
1606 2824 1971 2883 altitudinem
2014 2828 2268 2899 trabibus
2314 2827 2548 2885 confixa

543 2910 716 2970 clavis
745 2913 936 2996 ferreis
967 2913 1128 2988 digiti
1159 2915 1380 2988 pollicis
1412 2915 1789 2974 crassitudine
1814 2937 1827 2988 ;
1874 2935 2123 2976 ancorae
2165 2937 2272 2994 pro
2314 2919 2545 2978 funibus

543 3004 748 3063 ferreis
767 2999 998 3062 ‘catenis
1041 3006 1370 3077 revinctae3
1417 3007 1595 3080 pelles
1639 3025 1745 3082 pro
1774 3008 1913 3066 velis
1948 3010 2256 3084 alutaeque
2298 3011 2547 3068 tenuiter

543 3093 863 3167 confectae,
894 3096 1002 3153 hae
1046 3097 1163 3154 sive
1208 3106 1445 3172 propter
1481 3098 1581 3156 lini
1619 3099 1884 3175 inopiam'
1918 3111 2094 3176 atque
2136 3102 2259 3159 eius
2294 3119 2429 3160 usus
2459 3103 2543 3160 in-

516 3187 862 3267 scientiam,
911 3187 1028 3244 sive
1071 3205 1162 3258 e0,
1207 3187 1368 3262 quod
1420 3199 1507 3247 est
1552 3191 1735 3266 magis
1778 3191 2103 3265 verisimile,
2148 3191 2310 3267 quod
2358 3202 2545 3250 tantas

229 3352 237 3360 Ε
308 3277 516 3346 “κ”“3ὀ
545 3287 917 3353 tempestates
949 3278 1174 3336 Oceani
1218 3289 1528 3354 tantosque
1570 3281 1817 3356 impetus
1846 3293 2151 3340 ventorum
2178 3283 2446 3341 sustineri
2474 3301 2545 3340 ac

544 3378 703 3426 tanta
730 3387 908 3427 onera
937 3370 1169 3427 navium
1201 3372 1321 3446 regi
1351 3373 1493 3430 velis
1524 3390 1642 3430 non
1672 3373 1806 3430 satis
1836 3373 2151 3432 commode
2194 3392 2367 3450 posse
2397 3374 2544 3432 arbi·

546 3459 852 3518 trabantur.
959 3462 1110 3520 Cum
1157 3462 1243 3520 his
1289 3463 1531 3520 navibus
1581 3473 1807 3521 nostrae
1858 3464 2025 3522 classi
2069 3464 2357 3522 eiusmodi
2402 3482 2542 3523 con-

543 3568 769 3624 gressus
812 3561 951 3625 erat,
981 3562 1044 3608 ut
1087 3571 1202 3609 una
1243 3541 1536 3611 celeritate
1581 3563 1639 3611 et
1680 3554 1848 3629 pulsu
1877 3573 2169 3613 remorum
2210 3565 2543 3630 praestaret,

545 3642 764 3716 reliqua
792 3660 899 3716 pro
921 3642 1035 3700 loci
1063 3653 1282 3712 natura,
1309 3661 1416 3718 pro
1446 3645 1499 3702 vi
1530 3654 1941 3720 tempestatum
1970 3645 2076 3704 illis
2100 3656 2294 3704 essent
2322 3647 2547 3722 aptiora

458 3740 517 3792 35
547 3741 604 3789 et
647 3733 1196 3792 accommodatiora.
1286 3735 1497 3809 Neque
1542 3735 1696 3794 enim
1741 3737 1828 3795 his
1858 3745 2087 3796 nostrae
2117 3745 2299 3796 rostro
2330 3755 2545 3796 nocere

548 3832 814 3896 poterant
849 3824 1040 3899 (tanta
1069 3826 1126 3882 in
1157 3825 1238 3882 eis
1270 3835 1391 3884 erat
1420 3825 1775 3904 firmitudo),
1806 3845 1998 3902 neque
2027 3837 2267 3904 propter
2294 3827 2543 3886 altitudi-
