2796 4207
486 231 609 297 148
1120 247 1231 303 DE
1284 248 1540 302 BELLo
1592 247 1939 303 GALLlco

666 406 781 461 The
807 407 992 461 Gauls
1016 407 1208 461 attack
1234 406 1327 461 the
1350 410 1517 477 camp
1541 410 1615 479 os
1625 407 1929 474 Labienus,
1959 408 2089 463 and
2103 426 2204 465 are
2228 410 2506 481 repulsed.

648 533 801 593 LVI.
850 530 971 591 Ubi
1012 531 1308 604 intellexit,
1338 532 1489 591 ultro
1531 530 1611 591 ad
1648 550 1711 591 se
1740 533 1938 606 veniri,
1968 534 2149 593 altera
2189 551 2264 593 ex
2289 544 2455 611 parte
2484 536 2586 595 Se-

564 636 751 686 nones
780 624 1186 698 Carnutesque
1227 622 1588 682 conscientia
1614 623 1882 682 facinoris
1919 624 2191 701 instigari,
2221 626 2405 684 altera
2435 627 2588 685 Ner·

562 720 688 778 vios
709 716 1173 791 Aduatucosque
1204 714 1424 773 bellum
1454 715 1737 773 Romanis
1765 731 1984 790 parare,
2015 734 2208 791 neque
2237 717 2346 776 sibi
2373 718 2580 777 volun-

564 810 837 869 tariorum
873 807 1075 884 copias
1108 805 1330 878 defore,
1360 806 1410 864 si
1439 824 1514 864 ex
1543 806 1754 865 finibus
1795 806 1912 865 suis
1953 807 2226 884 progredi
2269 808 2581 884 coepisset,

504 914 533 967 5
562 912 845 960 armatum
874 898 1191 960 concilium
1236 894 1455 955 indicit.
1545 897 1684 954 Hoc
1715 914 1876 955 more
1906 897 2206 957 Gallorum
2236 908 2322 956 est
2349 899 2580 957 initium

560 992 729 1051 belli:
781 1012 903 1069 quo
944 993 1073 1069 lege
1118 987 1420 1049 communi
1464 1004 1672 1046 omnes
1713 987 1964 1062 puberes
2008 989 2210 1047 armati
2260 992 2580 1050 convenire

561 1094 953 1159 consuerunt3
1011 1085 1111 1160 qui
1159 1102 1233 1141 ex
1282 1080 1351 1139 iis
1398 1078 1745 1137 novissimus
1802 1079 2094 1150 convenit,
2143 1078 2204 1137 in
2253 1092 2582 1157 conspectu

560 1174 943 1234 multitudinis
998 1175 1271 1234 omnibus
1329 1169 1681 1229 cruciatibus
1737 1168 1978 1228 affectus
2035 1180 2292 1229 necatur.
2376 1171 2450 1229 In
2501 1192 2580 1231 eo

558 1266 811 1325 concilio
841 1266 1294 1343 Cingetorigem,
1336 1263 1568 1322 alterius
1614 1260 1943 1336 principem
1984 1260 2248 1319 factionis
2289 1280 2578 1337 generum

475 1379 534 1415 ιο
558 1376 743 1427 suum,
778 1375 955 1434 quem
998 1376 1171 1433 supra
1214 1352 1740 1416 demonstravimus
1774 1350 2038 1409 Caesaris
2079 1361 2346 1410 secutum
2387 1351 2576 1412 fidem

558 1449 633 1508 ab
660 1466 735 1507 eo
764 1467 886 1508 non
914 1448 1265 1522 discessisse,
1296 1448 1528 1507 hostem
1565 1442 1785 1502 iudicat
1813 1442 2090 1517 bonaque
2135 1441 2259 1500 eius
2297 1443 2580 1517 publicat.

562 1540 678 1599 His
716 1542 890 1601 rebus
932 1541 1211 1600 confectis
1253 1541 1313 1599 in
1355 1540 1607 1599 concilio
1652 1534 2010 1613 pronuntiat,
2047 1533 2386 1592 arcessitum
2428 1554 2492 1593 se
2544 1558 2583 1596 a

558 1631 884 1691 Senonibus
926 1642 987 1690 et
1028 1632 1377 1691 Carnutibus
1424 1632 1666 1706 aliisque
1720 1625 2120 1701 compluribus
2162 1624 2384 1685 Galliae
2436 1628 2579 1685 civi-

558 1722 769 1781 tatibus
791 1743 810 1796 3
865 1722 980 1781 huc
1035 1723 1247 1782 iturum
1295 1741 1404 1799 per
1449 1722 1596 1780 fines
1649 1723 1975 1780 Remorum
2025 1734 2348 1793 eorumque
2401 1736 2576 1793 agros

474 1842 530 1893 15
558 1814 969 1888 populaturum
997 1832 1087 1885 ae,
1116 1814 1454 1890 priusquam
1483 1812 1545 1871 id
1565 1812 1754 1886 faciat,
1785 1819 1974 1869 castra
2003 1807 2248 1867 Labieni
2275 1826 2576 1887 oppugna-

557 1914 767 1963 turum.
852 1905 1021 1979 Quae
1050 1904 1174 1963 fieri
1200 1906 1354 1976 velit,
1383 1904 1686 1980 praecipit.

640 1996 828 2054 LVII.
873 1996 1184 2067 Labienus,
1215 2015 1350 2054 cum
1380 2005 1440 2053 et
1467 1994 1584 2053 loci
1613 2004 1819 2054 natura
1847 2005 1908 2054 et
1945 2013 2123 2054 manu
2169 1994 2570 2055 munitissimis

556 2087 757 2146 castris
786 2107 915 2147 sese
942 2095 1183 2160 teneret,
1216 2086 1291 2146 de
1320 2106 1429 2146 suo
1457 2106 1528 2145 ac
1555 2087 1798 2164 legionis
1827 2087 2086 2164 periculo
2122 2086 2266 2145 nihil
2303 2086 2568 2160 timebat,

556 2197 632 2237 ne
662 2197 840 2254 quam
867 2180 1243 2239 occasionem
1270 2179 1351 2238 rei
1380 2179 1534 2238 bene
1562 2178 1858 2254 gerendae
1887 2178 2220 2251 dimitteret,
2252 2179 2567 2254 cogitabat.

466 2291 529 2326 20
560 2270 767 2345 Itaque
796 2289 833 2328 a
858 2271 1232 2347 Cingetorige
1273 2279 1450 2345 atque
1491 2271 1615 2328 eius
1654 2271 1999 2346 propinquis
2037 2271 2300 2329 oratione
2333 2270 2562 2330 Induti—

556 2361 741 2419 omari
781 2362 1035 2438 cognita,
1063 2379 1242 2437 quam
1278 2362 1338 2419 in
1375 2361 1628 2419 concilio
1666 2360 1963 2433 habuerat,
1993 2363 2230 2422 nuntios
2273 2364 2449 2424 mittit
2485 2364 2566 2424 ad

553 2452 825 2512 finitimas
869 2454 1129 2512 civitates
1174 2453 1516 2530 equitesque
1572 2451 1834 2528 undique
1887 2463 2128 2514 evocat:
2191 2455 2280 2514 his
2337 2467 2566 2516 certum

553 2542 713 2602 diem
761 2542 1152 2603 conveniendi
1197 2543 1355 2602 dicit.
1443 2544 1683 2602 Interim
1726 2562 1911 2620 prope
1955 2547 2172 2608 cotidie
2215 2569 2356 2610 cum
2397 2553 2566 2612 omni

552 2635 812 2711 equitatu
837 2634 1267 2693 Indutiomarus
1289 2635 1400 2693 sub
1421 2634 1618 2692 castris
1641 2634 1764 2693 eius
1785 2638 2116 2714 vagabatur,
2143 2641 2282 2702 alias
2303 2652 2368 2702 ut
2389 2644 2565 2703 situm

464 2746 525 2802 ²5
552 2734 871 2785 castrorum
900 2734 1300 2802 cognosceret,
1323 2725 1460 2783 alias
1490 2725 1865 2800 colloquendi
1890 2740 1994 2789 aut
2020 2732 2318 2792 territandi
2345 2752 2563 2809 causa,

553 2817 779 2894 equites
801 2818 1144 2894 plerumque
1165 2835 1372 2875 omnes
1393 2816 1510 2875 tela
1529 2817 1678 2874 intra
1699 2818 1911 2878 vallum
1935 2823 2324 2884 coniciebant.
2389 2826 2559 2886 Labi-

553 2926 698 2966 enus
727 2927 863 2968 suos
882 2908 1033 2967 intra
1051 2907 1437 2967 munitionem
1465 2909 1807 2970 continebat
1833 2912 2171 2990 timorisque
2199 2916 2559 2991 opinionem,

552 3000 1019 3076 quibuscumque
1048 3009 1277 3076 poterat
1304 3001 1496 3072 rebuS,
1528 3002 1799 3077 augebat.

634 3091 858 3149 LVIII.
903 3092 1055 3150 Cum
1102 3091 1321 3150 maiore
1361 3093 1423 3151 in
1464 3095 1591 3156 dies
1635 3103 2080 3179 contemptione
2124 3103 2559 3164 Indutiomarus

464 3211 528 3261 30
552 3181 629 3240 ad
658 3191 845 3240 castra
869 3182 1195 3255 accederet,
1223 3195 1404 3244 nocte
1430 3207 1550 3248 una
1574 3191 1916 3253 intromissis
1958 3195 2247 3270 equitibus
2290 3195 2552 3254 omnium

552 3273 923 3332 finitimarum
950 3274 1266 3347 civitatum,
1296 3295 1450 3352 quos
1484 3283 1868 3344 arcessendos
1901 3296 2216 3356 curaverat,
2245 3297 2408 3346 tanta
2434 3284 2556 3345 dili-

551 3365 747 3441 gentia
766 3383 973 3426 omnes
994 3388 1131 3430 suos
1159 3374 1442 3435 custodiis
1463 3375 1610 3435 intra
1630 3387 1820 3436 castra
1838 3378 2145 3450 continuit,
2167 3389 2232 3438 ut
2253 3379 2410 3436 nulla
2428 3376 2556 3435 rati·

552 3473 668 3515 one
697 3474 769 3514 ea
793 3476 885 3523 res
913 3464 1197 3523 enuntiari
1224 3476 1323 3525 aut
1350 3465 1429 3526 ad
1455 3467 1740 3526 Treveros
1767 3468 2004 3542 perferri
2029 3479 2247 3545 posset.
2318 3467 2556 3527 Interim

553 3564 628 3606 ex
654 3554 1081 3614 consuetudine
1109 3556 1406 3616 cotidiana
1436 3556 1870 3617 Indutiomarus
1897 3557 1977 3617 ad
2005 3569 2191 3619 castra
2216 3558 2449 3619 accedit
2473 3565 2555 3616 at-

462 3659 495 3710 3
501 3658 527 3712 5
554 3657 670 3715 que
699 3646 780 3705 ibi
801 3667 1074 3726 magnam
1103 3658 1329 3725 partem
1358 3648 1476 3708 diei
1503 3648 1833 3722 consumit3
1876 3651 2103 3726 equites
2125 3650 2240 3710 tela
2260 3651 2558 3711 coniciunt

556 3743 615 3792 et
642 3759 855 3815 magna
882 3760 1016 3798 cum
1046 3740 1402 3800 contumelia
1425 3739 1734 3798 verborum
1771 3750 2003 3800 nostros
2031 3741 2107 3800 ad
2135 3761 2394 3819 pugnarn
2421 3761 2554 3802 evo-

555 3838 711 3888 cant.
772 3830 952 3889 Nullo
972 3831 1048 3889 ab
1068 3829 1277 3889 nostris
1299 3829 1439 3889 dato
1460 3847 1761 3905 responso,
1780 3830 1882 3890 ubi
1895 3832 2085 3892 visum
2107 3843 2212 3906 est,
2231 3835 2340 3893 sub
2361 3853 2554 3912 vespe-
