2796 4207
484 176 567 240 58
1128 184 1236 236 DE
1288 180 1546 235 BELLO
1597 179 1834 234 GALLI
1846 180 1944 234 CO

570 354 775 422 ierant,
803 347 881 407 ad
910 365 1014 407 eos
1042 343 1348 406 contendit
1376 344 1819 419 equitatumque
1849 359 2090 400 omnem
2117 353 2252 401 ante
2282 361 2344 402 se
2386 345 2583 405 mittit.

574 445 637 502 P.
682 437 1014 510 ConsidiuS,
1056 437 1155 512 qui
1196 436 1279 494 rei
1318 433 1575 493 militaris
1601 432 1998 508 .peritissimus
2046 431 2368 492 habebatur
2415 446 2477 494 et
2524 437 2586 495 in

572 533 829 592 exercitu
858 531 923 589 L.
954 529 1143 588 Sullae
1172 538 1231 586 et
1258 534 1466 602 postea
1493 525 1552 582 in
1584 524 1670 584 M.
1695 523 1887 584 Crassi
1917 523 2118 598 fuerat,
2147 542 2287 582 curn
2315 526 2585 602 explora-

571 625 791 684 toribus
819 620 1217 699 praemittitur.

518 733 546 786 5
648 715 848 775 XXII.
894 713 1086 772 Prima
1110 711 1261 782 luce,
1286 727 1424 768 cum
1446 725 1708 767 summus
1730 725 1902 766 mons
1923 724 1961 765 a
1983 707 2245 765 Labieno
2267 716 2588 779 teneretur,

573 807 697 884 ipse
728 807 802 864 ab
842 804 1095 863 hostium
1125 800 1324 860 castris
1353 817 1477 857 non
1503 799 1732 874 longius
1759 798 1915 856 mille
1944 807 2005 856 et
2033 798 2366 874 quingentis
2403 774 2619 874 passi-⁸

572 899 680 956 bus
708 898 958 967 abesset,
989 911 1201 968 neque,
1232 901 1296 950 ut
1322 900 1531 967 postea
1557 907 1631 947 ex
1659 889 1902 965 captivis
1931 889 2238 964 comperit,
2268 899 2367 946 aut
2407 889 2592 964 ipsius

572 988 857 1047 adventus
885 995 986 1044 aut
1016 984 1257 1044 Labieni
1286 982 1556 1058 cognitus
1573 991 1744 1052 esset,
1777 980 2092 1040 Considius
2131 997 2287 1054 equo
2327 979 2591 1038 admisso

573 1080 650 1139 ad
693 1099 827 1138 eum
870 1077 1137 1148 accurrit,
1179 1075 1337 1146 dicit,
1374 1083 1659 1143 montem,
1697 1089 1876 1147 quem
1919 1091 1954 1129 a
1997 1072 2258 1130 Labieno
2301 1073 2590 1146 occupari

491 1197 547 1234 10
570 1173 833 1242 voluerit,
862 1171 939 1228 ab
977 1167 1239 1226 hostibus
1266 1165 1451 1223 teneri
1473 1185 1490 1238 ;
1533 1163 1596 1224 id
1634 1181 1698 1222 se
1733 1182 1770 1222 a
1807 1163 2043 1223 Gallicis
2077 1163 2250 1220 armis
2291 1172 2470 1236 atque
2503 1162 2589 1219 in-

574 1263 830 1339 signibus
859 1260 1222 1336 cognovisse.
1298 1259 1516 1316 Caesar
1545 1275 1677 1314 suas
1701 1255 1902 1330 copias
1929 1255 1992 1313 in
2017 1253 2351 1329 proximum
2373 1253 2590 1312 collem

574 1353 867 1426 subducit,
897 1353 1087 1411 aciem
1116 1351 1359 1408 instruit.
1447 1347 1757 1418 Labienus,
1787 1355 1852 1403 ut
1879 1354 2002 1403 erat
2041 1345 2097 1402 ei
2138 1353 2524 1419 praeceptum
2553 1363 2590 1402 a

575 1447 845 1519 Caesare,
889 1461 965 1502 ne
1006 1442 1293 1518 proelium
1336 1439 1745 1508 committeret,
1785 1437 1897 1494 nisi
1931 1435 2110 1510 ipsius
2145 1434 2356 1509 copiae
2401 1453 2590 1509 prope

575 1537 831 1598 hostium
860 1544 1046 1594 castra
1065 1533 1221 1592 visae
1251 1540 1465 1602 essent,
1489 1540 1554 1588 ut
1573 1527 1836 1604 undique
1866 1544 1987 1584 uno
2011 1535 2276 1600 tempore
2306 1525 2366 1582 in
2389 1524 2592 1583 hostes

492 1660 549 1714 15
575 1631 825 1705 impetus
866 1627 1048 1697 fieret,
1082 1634 1284 1685 monte
1314 1629 1609 1698 occupato
1650 1627 1879 1677 nostros
1919 1616 2296 1691 exspectabat
2335 1615 2590 1690 proelio-

576 1739 691 1799 que
734 1717 1079 1779 abstinebat.
1164 1715 1355 1775 Multo
1397 1713 1654 1786 denique
1694 1709 1790 1768 die
1819 1726 1923 1783 per
1951 1707 2344 1782 exploratores
2372 1705 2592 1764 Caesar

576 1812 868 1890 cognovit,
900 1820 959 1869 et
986 1818 1250 1869 montem
1279 1825 1315 1864 a
1342 1805 1459 1863 suis
1486 1801 1671 1860 teneri
1701 1810 1760 1858 et
1789 1797 2096 1858 Helvetios
2123 1805 2312 1855 castra
2337 1795 2592 1854 movisse

578 1915 638 1964 et
666 1902 1015 1964 Considium
1044 1901 1250 1960 timore
1280 1895 1664 1974 perterritum,
1694 1889 1859 1966 quod
1887 1906 2010 1946 non
2034 1886 2296 1958 vidisset,
2328 1904 2435 1961 pro
2463 1887 2592 1944 viso

578 1997 689 2054 sibi
732 1994 1110 2053 renuntiasse.
1196 1992 1289 2048 Eo
1332 1987 1448 2057 die,
1494 2002 1614 2060 quo
1665 1989 1973 2042 consuerat
2028 1977 2344 2049 interva110,
2389 1977 2591 2034 hostes

490 2108 553 2145 20
580 2087 840 2164 sequitur
868 2095 927 2145 et
954 2085 1112 2143 milia
1138 2097 1415 2159 passuum
1445 2077 1553 2136 tria
1578 2076 1653 2135 ab
1681 2091 1886 2133 eorum
1913 2070 2113 2129 castris
2141 2080 2329 2127 castra
2356 2068 2550 2145 ponit.

778 2256 990 2310 Caesar
1010 2261 1181 2308 turns
1207 2258 1264 2305 to
1276 2266 1351 2321 go
1378 2255 1434 2303 to
1459 2246 1756 2307 Bibractc,·
1795 2241 1887 2297 tlte
1911 2240 2176 2293 Helvetii
2180 2238 2406 2309 follow.

659 2382 893 2442 XXIII.
938 2376 1219 2437 Postridie
1240 2374 1364 2433 eius
1386 2372 1523 2441 diei,
1548 2366 1711 2445 quod
1733 2365 1976 2425 omnino
2005 2362 2252 2422 biduum
2269 2370 2591 2435 supererat,

582 2493 718 2533 cum
748 2470 1023 2531 exercitui
1044 2469 1397 2526 frumentum
1419 2460 1607 2521 metiri
1631 2465 1943 2533 oporteret,
1965 2464 2024 2511 et
2052 2451 2214 2527 quod
2244 2470 2278 2509 a
2301 2450 2592 2521 Bibracte,

582 2563 807 2641 oppido
846 2560 1187 2620 Aeduorum
1227 2557 1404 2631 longe
1448 2551 1704 2610 maximo
1747 2557 1806 2605 et
1847 2544 2271 2620 copiosissim0‚
2302 2559 2424 2599 non
2467 2558 2592 2598 am-

582 2657 731 2732 plius
774 2654 1004 2713 milibus
1046 2667 1323 2727 passuum
1362 2660 1508 2703 xvm
1549 2643 1765 2712 aberat,
1795 2638 1879 2696 rei
1920 2632 2327 2693 frumentariae
2361 2631 2592 2706 prospi-

498 2768 523 2803 2
532 2766 557 2819 5
584 2745 858 2805 ciendum
890 2740 1269 2801 existimavit:
1316 2738 1424 2794 iter
1451 2734 1526 2792 ab
1557 2730 1844 2789 Helvetiis
1874 2727 2076 2785 avertit
2104 2744 2172 2781 ac
2203 2724 2471 2781 Bibracte
2510 2722 2593 2779 ire

585 2835 905 2897 contendit.
992 2834 1081 2891 Ea
1108 2849 1197 2888 res
1239 2846 1346 2904 per
1386 2824 1653 2899 fugitivos
1685 2822 1750 2879 L.
1791 2817 2037 2887 Aemilii,
2067 2812 2400 2873 decurionis
2430 2812 2592 2886 equi-

583 2939 709 2987 tum
732 2926 1049 2995 Gallorum,
1070 2920 1333 2980 hostibus
1361 2916 1677 2975 nuntiatur.
1749 2908 2026 2979 Helvetii,
2058 2902 2356 2979 seu-quod
2383 2903 2592 2960 timore

584 3018 914 3095 perterritos
955 3016 1257 3071 Romanos
1302 3005 1607 3067 discedere
1643 3020 1678 3060 a
1715 3020 1777 3059 se
1814 3000 2225 3066 existimarent,
2271 3012 2344 3051 eo
2387 2986 2592 3067 magis,

586 3108 749 3185 quod
790 3106 977 3183 pridie
1017 3100 1406 3178 superioribus
1449 3096 1592 3154 locis
1620 3092 1922 3167 occupatis
1962 3087 2246 3164 proelium
2275 3102 2398 3141 non
2431 3100 2593 3140 eom-

498 3226 562 3277 30
586 3200 894 3268 misissent,
925 3198 1042 3255 sive
1072 3212 1165 3265 eo,
1189 3190 1351 3266 quod
1378 3207 1441 3248 re
1469 3184 1838 3251 frumentaria
1866 3177 2175 3239 intercludi
2203 3192 2377 3251 posse
2407 3174 2592 3231 confi-

588 3292 813 3360 derent,
844 3294 1205 3346 commutato
1234 3280 1479 3341 consilio
1508 3288 1683 3351 atque
1714 3274 1918 3333 itinere
1961 3285 2245 3329 converso
2287 3272 2520 3324 nostros
2563 3282 2598 3320 a

586 3380 903 3442 novissimo
931 3378 1161 3453 agmine
1190 3371 1415 3447 insequi
1444 3387 1513 3427 ac
1541 3368 1824 3445 lacessere
1853 3369 2192 3436 coeperunt.

812 3547 961 3603 Both
976 3548 1223 3615 prepare
1229 3546 1340 3613 for
1362 3538 1546 3593 battle.
1634 3534 1808 3587 There
1833 3532 1884 3585 is
1907 3526 2369 3599 sharpfighting.

674 3672 891 3731 XXIV.
938 3672 1255 3740 Postquam
1296 3662 1357 3722 id
1398 3662 1657 3719 animum
1699 3654 1960 3725 advertit,
1991 3652 2192 3726 copias
2221 3667 2354 3707 suas
2383 3648 2602 3705 Caesar

594 3762 655 3820 in
698 3760 1029 3836 proximum
1070 3756 1283 3812 collem
1325 3750 1598 3810 subducit
1639 3747 2097 3819 equitatumque,
2142 3742 2242 3815 qui
2291 3739 2603 3797 sustineret
