2796 4207
435 214 519 279 64
1073 228 1183 280 DE
1237 227 1491 281 BELLo
1542 227 1889 281 GALLlco

522 390 746 469 oppida
797 391 996 450 omnia
1051 390 1112 448 in
1222 399 1471 447 otestate
1527 390 1650 447 eius
1707 399 1918 460 essent,
1978 408 2185 450 omnes
2240 394 2535 455 cruciatus

523 494 716 541 essent
758 480 1106 557 perferendi.
1141 407 1280 550 §0

601 572 889 631 XXXIII.
937 572 1049 629 His
1085 570 1258 629 rebus
1287 569 1537 645 cognitis
1566 570 1782 629 Caesar
1812 571 2110 632 Gallorum
2138 576 2366 635 animos
2403 596 2529 638 ver-

520 665 608 723 bis
638 663 1000 721 confirmavit
1029 661 1437 737 pollicitusque
1460 670 1567 732 est,
1590 660 1699 719 sibi
1722 678 1853 719 eam
1885 681 2009 720 rem
2040 683 2211 725 curae
2240 667 2487 727 futuram
2515 694 2526 727 :

465 774 492 825 5
519 772 792 830 magnam
835 770 898 811 se
941 752 1156 809 habere
1201 768 1386 825 spem,
1418 763 1477 807 et
1507 752 1798 809 beneficio
1829 771 1937 810 suo
1968 765 2028 812 et
2054 758 2395 817 auctoritate
2424 760 2528 819 ad-

519 845 767 903 ductum
809 844 1156 901 Ariovistum
1199 843 1376 899 finem
1420 842 1639 900 iniuriis
1696 844 2001 905 facturum.
2087 849 2223 907 Hac
2265 853 2526 911 oratione

520 936 716 994 habita
756 934 1068 993 concilium
1113 932 1347 991 dimisit.
1436 934 1513 991 Et
1554 934 1881 994 secundum
1922 956 1993 996 ea
2026 941 2239 999 multae
2268 960 2361 1001 res
2390 961 2527 1001 eum

519 1026 910 1095 hortabantur,
943 1042 1120 1099 quare
1151 1024 1257 1082 sibi
1289 1042 1419 1081 eam
1448 1040 1571 1082 rem
1601 1026 1974 1101 cogitandam
2006 1040 2065 1088 et
2092 1032 2525 1109 suscipiendam

518 1127 763 1194 putaret,
810 1116 1110 1191 imprimis,
1163 1114 1325 1188 quod
1381 1114 1642 1187 Aeduos,
1686 1118 1885 1177 fratres
1940 1124 2526 1199 consanguineosque

434 1235 490 1270 10
518 1224 940 1283 saepenumero
970 1224 1005 1263 a
1033 1215 1234 1264 senatu
1262 1207 1603 1281 appellatOS,
1628 1210 1687 1267 in
1710 1212 1979 1270 servitute
2009 1222 2183 1288 atque
2207 1214 2266 1272 in
2287 1213 2525 1275 dicione

517 1298 750 1357 videbat
809 1300 1236 1357 Germanorum
1296 1301 1500 1371 teneri,
1546 1318 1868 1376 eorumque
1909 1303 2143 1362 obsides
2192 1321 2320 1362 esse
2364 1306 2527 1380 apud

515 1390 866 1449 Ariovistum
911 1408 979 1447 ac
1011 1391 1313 1464 Sequanos
1345 1391 1715 1467 intellegebat
1736 1414 1753 1465 ;
1798 1393 1961 1467 quod
1997 1395 2054 1451 in
2084 1403 2247 1453 tanto
2277 1396 2527 1471 imperio

515 1480 718 1557 populi
749 1482 1002 1538 Romani
1050 1482 1443 1557 turpissimum
1489 1483 1596 1540 sibi
1640 1494 1697 1541 et
1740 1484 2090 1559 reipublicae
2120 1504 2246 1545 esse
2286 1486 2523 1545 arbitra-

514 1574 696 1631 batur.
817 1574 1096 1631 Paulatim
1157 1584 1352 1632 autem
1410 1576 1737 1634 Germanos
1802 1594 2187 1635 consuescere
2246 1577 2525 1635 Rhenum

430 1692 486 1746 ¹5
513 1664 770 1737 transire,
803 1675 862 1721 et
894 1665 955 1722 in
988 1665 1236 1724 Galliam
1276 1683 1550 1740 magnam
1590 1684 1793 1724 eorum
1837 1665 2265 1725 multitudinem
2304 1669 2523 1739 venire,

513 1755 736 1831 populo
782 1756 1056 1815 Romano
1106 1756 1497 1831 periculosum
1547 1756 1804 1828 videbat,
1850 1775 2044 1832 neque
2092 1758 2198 1816 sibi
2254 1758 2525 1816 homines

513 1849 666 1908 feros
687 1867 758 1906 ac
782 1850 1055 1908 barbaros
1087 1856 1507 1923 temperaturos
1531 1848 1913 1919 existimabat,
1938 1849 2097 1923 quin,
2120 1868 2257 1907 cum
2278 1868 2523 1909 omnem

514 1940 761 1999 Galliam
807 1940 1269 2015 occupavissent,
1300 1947 1364 1995 ut
1406 1948 1540 1995 ante
1570 1938 1792 1997 Cimbri
1818 1940 2189 2014 Teutonique
2228 1939 2521 2011 fecissent,

512 2032 572 2090 in
617 2032 976 2108 provinciam
1027 2030 1251 2089 exirent
1298 2040 1473 2105 atque
1516 2028 1654 2087 inde
1700 2030 1758 2086 in
1804 2030 2028 2087 Italiam
2073 2029 2520 2102 contenderent,

425 2141 488 2177 20
511 2125 848 2199 praesertim
894 2141 1029 2181 cum
1063 2123 1363 2196 Sequanos
1392 2140 1429 2178 a
1456 2122 1753 2196 provincia
1781 2131 1978 2180 nostra
2006 2121 2330 2180 Rhodanus
2373 2121 2520 2180 divi-

514 2213 713 2287 ·leret3
758 2215 968 2289 quibus
1011 2213 1185 2271 rebus
1216 2230 1388 2286 quam
1425 2212 1757 2269 maturrime
1788 2213 2214 2270 occurrendum
2255 2214 2519 2288 putabat.

514 2323 650 2381 Ipse
679 2316 874 2363 autern
904 2304 1221 2362 Ariovistus
1249 2311 1444 2359 tantos
1473 2302 1581 2359 sibi
1608 2302 1854 2377 spiritus,
1885 2313 2103 2360 tantam
2132 2305 2518 2379 arrogantiam

512 2405 851 2471 sumpserat,
883 2404 946 2452 ut
976 2392 1249 2452 ferendus
1278 2410 1398 2450 non
1427 2391 1733 2450 videretur.

510 2582 605 2637 He
630 2583 838 2635 invites
865 2581 1202 2634 Ariovistus
1227 2587 1284 2633 to
1305 2597 1342 2631 a
1367 2581 1719 2648 conference,·
1755 2579 2094 2632 Ariovistus
2117 2579 2373 2644 declines,
2396 2585 2530 2634 and

759 2670 814 2714 to
845 2662 1098 2714 Caesar's
1123 2659 1395 2713 demands
1419 2659 1583 2712 sends
1608 2659 1743 2712 back
1768 2677 1803 2711 a
1828 2659 2079 2730 haughgy
2104 2661 2276 2730 νιρζγ.

593 2804 861 2861 XXXIV.
908 2803 1308 2876 Quamobrem
1351 2802 1568 2877 placuit
1611 2801 1683 2871 ei,
1712 2810 1776 2858 ut
1804 2799 1879 2857 ad
1909 2800 2257 2858 Ariovistum
2294 2801 2519 2878 legatos

424 2915 484 2967 25
513 2894 781 2964 mitteret,
812 2895 910 2967 qui
955 2894 1029 2951 ab
1071 2911 1144 2950 eo
1187 2894 1563 2969 postularent,
1594 2891 1674 2949 uti
1719 2890 1972 2964 aliquem
2015 2890 2209 2948 locum
2252 2891 2520 2950 medium

511 2985 807 3058 utriusque
849 2985 1142 3058 colloquio
1190 2984 1470 3058 deligeret
1494 3005 1505 3040 ε
1568 2982 1713 3040 velle
1762 2998 1889 3039 sese
1932 2981 2007 3039 de
2053 2999 2114 3038 re
2168 2982 2405 3057 publica
2460 2995 2521 3041 et

513 3076 752 3134 summis
794 3076 1088 3149 utriusque
1117 3076 1288 3134 rebus
1318 3094 1451 3132 curn
1482 3092 1557 3133 eo
1586 3093 1775 3151 agere.
1864 3073 1935 3130 Ei
1964 3073 2233 3148 legationi
2265 3075 2517 3132 Ariovis-

514 3177 604 3224 tus
633 3165 968 3240 respondit:
1003 3167 1059 3224 Si
1089 3165 1230 3240 quid
1261 3167 1368 3241 ipsi
1397 3185 1434 3223 a
1463 3167 1713 3224 Caesare
1743 3183 1892 3241 opus
1922 3173 2092 3237 esset,
2116 3183 2244 3222 sese
2273 3163 2349 3221 ad
2378 3182 2519 3222 eum

514 3268 820 3315 venturum
846 3257 1020 3316 fuisse
1043 3279 1059 3329 ,-
1096 3258 1141 3315 si
1171 3256 1313 3332 quid
1341 3258 1434 3315 ille
1465 3275 1527 3316 se
1556 3259 1708 3328 velit,
1732 3258 1889 3316 illum
1920 3256 1998 3315 ad
2026 3275 2088 3314 se
2118 3257 2312 3313 venire
2343 3274 2517 3331 opor-

426 3362 488 3412 30
515 3357 653 3405 tere.
741 3350 1043 3406 Praeterea
1080 3367 1141 3406 se
1180 3366 1372 3423 neque
1402 3349 1526 3406 sine
1556 3351 1814 3407 exercitu
1841 3351 1900 3407 in
1932 3367 2029 3406 eas
2072 3357 2263 3424 partes
2294 3347 2521 3405 Galliae

514 3439 708 3497 venire
744 3438 978 3509 audere,
1009 3458 1152 3513 quas
1183 3440 1401 3498 Caesar
1428 3440 1769 3514 possideret,
1802 3459 1997 3515 neque
2028 3441 2345 3499 exercitum
2392 3439 2521 3496 sine

515 3547 732 3605 magno
760 3539 1091 3588 commeatu
1131 3539 1305 3604 atque
1334 3531 1679 3589 molimento
1723 3532 1781 3588 in
1826 3549 2005 3589 unum
2051 3532 2244 3590 locum
2289 3539 2519 3588 contra—

517 3620 653 3678 here
695 3638 888 3695 posse.
989 3620 1103 3678 Sibi
1162 3629 1356 3678 autem
1400 3622 1607 3678 mirum
1650 3620 1854 3692 videri,
1885 3621 2027 3696 quid
2072 3623 2130 3680 in
2175 3641 2280 3680 sua
2314 3620 2522 3690 Gallia,

518 3727 696 3784 quam
736 3710 890 3768 bello
917 3710 1168 3779 vicisset,
1197 3720 1297 3768 aut
1326 3712 1559 3769 Caesari
1591 3721 1688 3769 aut
1717 3713 1959 3771 omnino
1988 3714 2209 3789 populo
2242 3714 2524 3770 Romano

433 3803 493 3854 35
520 3799 738 3874 negotii
769 3811 938 3858 esset.
