2796 4207
479 218 606 282 104
1115 233 1224 285 DE
1276 231 1534 285 BELLO
1589 230 1937 285 GALLICO

560 414 621 464 et
663 414 920 463 veterem
965 403 1100 463 belli
1147 402 1385 479 gloriam
1434 402 1911 477 paucitatemque
1966 412 2296 483 nostrorum
2342 424 2405 464 se
2448 417 2573 466 tuto

561 495 937 554 dimicaturos
992 493 1418 565 existimabant,
1466 504 1663 554 tamen
1719 494 1896 552 tutius
1951 512 2076 553 esse
2132 496 2571 570 arbitrabantur,

558 586 810 646 obsessis
846 586 952 644 viis
993 594 1329 643 commeatu
1372 585 1685 643 intercluso
1728 586 1851 643 sine
1896 585 2011 643 ullo
2052 586 2290 645 vulnere
2334 587 2573 646 victoria

558 678 748 753 potiri,
785 686 861 749 et,
905 676 952 735 si
993 685 1232 752 propter
1274 677 1531 751 inopiam
1574 677 1656 734 rei
1700 676 2102 734 frumentariae
2148 678 2403 735 Romani
2444 698 2572 738 sese

503 791 528 841 5
558 769 815 843 recipere
857 768 1208 843 coepissent,
1240 766 1555 841 impeditos
1594 767 1654 824 in
1692 767 1923 843 agmine
1962 776 2021 825 et
2063 768 2173 826 sub
2210 768 2448 827 sarcinis
2485 770 2570 828 in-

558 859 809 917 firmiore
844 860 1042 917 animo
1082 858 1293 917 adoriri
1330 858 1685 933 cogitabant.
1775 859 1913 915 Hoc
1944 858 2189 917 consilio
2218 860 2469 933 probato
2496 863 2571 920 ab

557 949 823 1023 ducibUS,
856 950 1156 1027 productis
1187 951 1591 1007 Romanorum
1626 948 1831 1024 copiis,
1861 966 1988 1007 sese
2032 949 2231 1008 castris
2273 951 2569 1009 tenebant.

515 1030 517 1033 ⁴
559 1042 694 1099 Hac
717 1059 777 1100 re
800 1050 1108 1118 perspecta
1126 1042 1384 1114 CrassuS,
1406 1059 1543 1098 cum
1566 1058 1671 1098 sua
1692 1041 2065 1098 cunctatione
2088 1050 2265 1115 atque
2289 1042 2569 1116 opinione

555 1132 776 1191 timoris
819 1132 1016 1191 hostes
1059 1142 1288 1190 nostros
1333 1133 1539 1190 milites
1579 1131 1884 1189 alacriores
1912 1130 1991 1188 ad
2020 1131 2403 1206 pugnandum
2432 1131 2570 1190 effe-

472 1242 528 1279 ιο
557 1222 790 1295 cissent,
821 1233 995 1298 atque
1052 1223 1316 1281 omnium
1366 1240 1542 1281 voces
1591 1220 1943 1294 audirentur,
1973 1223 2299 1296 exspectari
2350 1221 2566 1281 diutius

557 1330 679 1370 non
707 1323 996 1387 oportere,
1026 1314 1164 1387 quin
1197 1311 1273 1371 ad
1303 1322 1489 1371 castra
1517 1313 1709 1384 iretur,
1741 1311 2079 1371 cohortatus
2114 1330 2268 1386 suOS,
2300 1314 2571 1373 omnibus

557 1404 924 1478 cupientibus
952 1403 1029 1462 ad
1059 1404 1313 1463 hostium
1344 1413 1529 1462 castra
1558 1402 1881 1461 contendit.

635 1495 817 1552 XXV.
863 1494 954 1553 Ibi
983 1513 1119 1553 curn
1147 1495 1240 1552 alii
1269 1494 1451 1553 fossas
1486 1494 1863 1569 complerent,
1894 1494 1988 1551 alii
2032 1494 2223 1553 multis
2262 1494 2389 1553 telis
2428 1513 2568 1553 con-

555 1586 718 1643 iectis
741 1584 1078 1643 defensores
1099 1585 1248 1642 vallo
1273 1584 1806 1659 munitionibusque
1837 1583 2214 1659 depellerent,
2238 1584 2567 1643 auxiliares-

473 1698 527 1750 15
555 1693 690 1751 que,
736 1676 946 1749 quibus
992 1675 1066 1733 ad
1124 1692 1378 1749 pugnam
1437 1692 1556 1732 non
1614 1675 1859 1732 multum
1909 1674 2150 1733 Crassus
2206 1673 2565 1747 confidebat,

553 1765 842 1842 lapidibus
883 1766 1127 1840 telisque
1171 1764 1671 1823 subministrandis
1714 1775 1773 1822 et
1813 1764 1891 1823 ad
1932 1784 2205 1841 aggerem
2246 1765 2564 1841 cespitibus

554 1856 992 1933 comportandis
1022 1857 1282 1932 speciem
1309 1866 1486 1931 atque
1517 1856 1857 1930 opinionem
1893 1857 2279 1932 pugnantium
2320 1856 2564 1931 praebe-

553 1958 699 2019 rent,
731 1966 867 2005 cum
898 1948 1036 2005 item
1065 1948 1141 2005 ab
1169 1946 1431 2005 hostibus
1461 1956 1796 2005 constanter
1828 1964 1899 2005 ac
1939 1965 2061 2005 non
2099 1946 2302 2005 timide
2344 1964 2565 2022 pugna-

553 2048 708 2096 retur
735 2038 964 2115 telaque
995 2056 1068 2095 ex
1094 2038 1230 2096 loco
1260 2038 1554 2114 superiore
1584 2038 1758 2095 missa
1800 2055 1920 2095 non
1963 2037 2168 2097 frustra
2208 2036 2565 2110 acciderent,

467 2159 528 2195 20
555 2129 779 2204 equites
808 2129 1121 2188 circumitis
1151 2129 1405 2187 hostium
1442 2129 1639 2186 castris
1671 2128 1883 2187 Crasso
1925 2129 2412 2202 renuntiaverunt,
2442 2146 2567 2187 non

555 2218 767 2278 eadem
823 2237 948 2278 esse
1006 2218 1303 2294 diligentia
1357 2219 1432 2278 ab
1490 2217 1819 2276 decumana
1874 2229 2041 2294 porta
2098 2229 2283 2278 castra
2344 2218 2637 2334 munitas

552 2309 899 2384 facilemque
940 2309 1164 2369 aditum
1207 2308 1441 2368 habere.
2480 2332 2545 2340 „-

632 2401 848 2459 XXVI.
894 2401 1134 2460 Crassus
1177 2401 1441 2474 equitum
1483 2399 1810 2475 praefectos
1853 2398 2205 2472 cohortatuS,
2236 2409 2299 2458 ut
2344 2400 2567 2476 magnis

553 2493 821 2569 praemiis
862 2493 1493 2568 pollicitationibusque
1535 2511 1670 2552 suos
1712 2493 2049 2564 excitarent,
2080 2492 2223 2568 quid
2258 2493 2381 2552 fieri
2410 2493 2566 2566 velit,

467 2605 526 2658 25
553 2585 824 2645 ostendit.
900 2586 1006 2657 Illi,
1031 2595 1093 2644 ut
1115 2595 1239 2644 erat
1268 2587 1636 2662 imperatum,
1662 2586 1889 2644 eductis
1918 2587 2001 2645 eis
2032 2587 2387 2660 cohortibuS,
2412 2605 2567 2662 quae

551 2676 841 2753 praesidio
884 2677 1084 2735 castris
1125 2677 1356 2735 relictae
1401 2677 1628 2734 intritae
1658 2677 1732 2735 ab
1761 2677 1955 2736 labore
2002 2665 2185 2749 erant,¹
2214 2687 2273 2736 et
2300 2678 2566 2754 longiore

552 2769 754 2826 itinere
798 2768 1231 2840 circumductiS,
1261 2787 1441 2842 nepex
1468 2769 1723 2827 hostium
1754 2769 1951 2827 castris
1993 2771 2258 2846 conspici
2302 2780 2566 2846 possent,

552 2859 816 2917 omnium
853 2859 1038 2938 oculis
1073 2859 1485 2934 mentibusque
1516 2858 1592 2917 ad
1621 2877 1879 2934 pugnam
1908 2860 2160 2933 intentis,
2192 2861 2457 2920 celeriter
2482 2860 2565 2918 ad

552 2967 668 3022 eaS,
699 2969 842 3026 quas
873 2950 1142 3022 diximus,
1172 2951 1525 3009 munitiones
1564 2961 1953 3026 pervenerunt
1994 2961 2168 3027 atque
2196 2951 2285 3016 his
2312 2953 2570 3029 prorutis

464 3077 527 3128 30
551 3041 708 3117 prius
735 3043 796 3100 in
826 3041 1080 3100 hostium
1109 3043 1308 3100 castris
1338 3044 1739 3116 constiterunt,
1762 3061 1941 3119 quarn
1963 3044 2136 3120 plane
2166 3045 2241 3103 ab
2270 3043 2359 3103 his
2384 3045 2568 3106 videri

552 3142 669 3204 aut,
699 3132 843 3208 quid
869 3133 953 3191 rei
989 3143 1300 3207 gereretur,
1337 3135 1621 3210 cognosci
1659 3145 1874 3210 posset.
1956 3135 2112 3194 Tum
2140 3153 2281 3193 vero
2310 3136 2569 3194 clamore

551 3224 628 3282 ab
656 3241 727 3282 ea
759 3233 920 3299 parte
959 3223 1159 3282 audito
1203 3225 1381 3283 nostri
1425 3225 1827 3301 redintegratis
1856 3225 2087 3297 viribu5‚
2117 3225 2567 3302 quod-*plerum-

554 3332 668 3389 que
713 3315 772 3373 in
817 3333 922 3390 spe
965 3315 1241 3373 victoriae
1289 3315 1559 3374 accidere
1604 3316 1927 3388 consuevit,
1978 3316 2165 3374 acrius
2219 3316 2569 3392 impugnare

554 3416 893 3481 coeperunt.
979 3407 1202 3464 Hostes
1239 3406 1498 3482 undique
1533 3406 1915 3466 circumventi
1942 3405 2262 3483 desperatis
2292 3407 2569 3467 omnibus

467 3522 525 3576 35
551 3497 726 3556 rebus
759 3515 822 3556 se
857 3515 962 3574 per
1005 3498 1358 3556 munitiones
1402 3497 1631 3558 deicere
1674 3509 1734 3556 et
1775 3499 1911 3574 fuga
1950 3499 2195 3558 salutern
2234 3508 2437 3576 petere
2479 3501 2566 3558 in-

553 3588 883 3648 tenderunt.
969 3589 1136 3664 Quos
1172 3590 1463 3664 equitatus
1496 3589 1867 3665 apertissimis
1910 3591 2132 3666 campis
2174 3599 2567 3662 consectam,

555 3697 628 3736 ex
669 3680 892 3738 milium
921 3696 957 3738 L
993 3697 1257 3751 numerO,
1301 3698 1453 3755 quae
1496 3698 1569 3738 ex
1606 3681 1918 3756 Aquitania
1957 3681 2379 3758 Cantabrisque
2422 3700 2566 3743 con-

555 3769 781 3829 venisse
829 3769 1150 3842 constabat,
1193 3769 1290 3828 vix
1333 3779 1539 3845 quarta
1580 3779 1743 3846 parte
1787 3771 2003 3844 relicta,
2054 3772 2233 3836 multa
2280 3783 2458 3832 nocte
2502 3791 2566 3831 se

556 3861 616 3917 in
654 3868 840 3918 castra
879 3860 1118 3934 recepit.
