2796 4207
772 248 920 299 LIB.
965 248 1067 300 VI.
1116 248 1281 300 CAP.
1324 247 1852 299 >cxlv-XXVIII.
2166 314 2172 319 .
2245 229 2370 293 161

265 438 389 496 que
434 419 685 478 fluminis
728 418 979 477 Danuvii
1020 417 1256 493 regione
1298 417 1550 492 pertinet
1590 415 1667 474 ad
1709 416 1855 474 fines
1893 417 2190 475 Dacorum
2222 426 2280 474 et

264 514 575 571 Anartium
598 534 615 585 3
658 512 794 570 hinc
822 530 883 570 se
914 511 1091 569 flectit
1119 511 1473 569 sinistrorsus
1502 509 1740 568 diversis
1769 510 1844 568 ab
1865 509 2102 567 flumine
2131 510 2277 585 regi·

265 604 483 663 onibus
538 604 963 677 multarumque
1020 602 1281 677 gentium
1330 601 1477 658 fines
1525 610 1765 676 propter
1813 599 2279 676 magnitudinem

264 694 535 770 attingit:
589 712 783 769 neque
826 694 1133 769 quisquam
1176 701 1263 750 est
1304 691 1474 749 huius
1517 691 1886 763 Germaniae,
1933 692 2033 766 qui
2078 710 2139 749 se
2182 700 2282 749 aut

266 784 462 843 adisse
504 784 584 843 ad
624 785 849 843 initium
892 784 1015 842 eius
1058 783 1231 841 silvae
1274 781 1450 853 dicat,
1482 800 1616 840 cum
1648 781 1873 840 dierum
1905 783 2012 840 iter
2041 798 2119 839 Lx
2147 799 2279 857 pro·
2311 798 2336 851 5

266 876 527 949 cesserit,
558 886 673 947 aut,
704 894 825 951 quo
865 894 940 933 ex
980 875 1115 933 loco
1157 874 1385 946 oriatur,
1432 875 1740 949 acceperit,
1774 874 2068 949 multaque
2113 874 2172 932 in
2211 892 2283 932 ea

267 985 488 1044 genera
528 968 775 1025 serarum
817 967 976 1025 nasci
1018 975 1264 1037 constat,
1296 984 1447 1041 quae
1487 965 1717 1040 reliquis
1747 966 1806 1023 in
1835 965 1976 1023 locis
2006 966 2127 1024 visa
2155 984 2278 1024 non

268 1058 386 1116 sint
405 1078 425 1131 3
468 1074 543 1115 ex
583 1057 793 1133 quibus
835 1074 985 1133 quae
1028 1057 1278 1115 maxime
1322 1056 1588 1113 differant
1628 1056 1704 1114 ab
1732 1056 1938 1115 ceteris
1969 1066 2028 1115 et
2056 1074 2280 1116 memo·

267 1150 389 1207 riae
416 1147 727 1223 prodenda
752 1146 1074 1219 videantur,
1106 1147 1253 1205 haec
1283 1157 1435 1205 sunt.

350 1240 569 1298 XXVI.
617 1240 722 1297 Est
770 1239 877 1297 bos
922 1239 1077 1297 cervi
1130 1239 1328 1313 figura,
1376 1238 1540 1296 cuius
1587 1256 1622 1295 a
1667 1237 1864 1296 media
1905 1238 2092 1299 fronte
2137 1241 2284 1298 iuter
2317 1264 2374 1298 10

271 1348 441 1389 aures
469 1348 653 1388 unum
682 1348 866 1388 cornu
910 1330 1131 1389 exsistit
1173 1330 1458 1389 excelsius
1499 1330 1798 1406 magisque
1846 1328 2132 1388 directum
2175 1331 2280 1402 his,

272 1438 427 1498 quae
454 1422 627 1480 nobis
654 1431 797 1480 nota
824 1432 974 1492 sunt,
998 1421 1271 1479 cornibus
1292 1442 1309 1494 3
1353 1421 1430 1479 ab
1459 1422 1582 1479 eius
1611 1438 1843 1480 summo
1874 1421 2023 1479 sicut
2052 1422 2281 1497 palmae

271 1512 537 1588 ramique
592 1512 706 1571 late
762 1511 1177 1570 diffunduntur.
1268 1511 1498 1570 Eadem
1547 1521 1635 1571 est
1687 1512 1934 1570 feminae
1993 1512 2282 1588 marisque

272 1612 497 1675 natura,
528 1602 739 1662 eadem
767 1603 955 1661 forma
981 1602 1444 1679 magnitudoque
1475 1621 1780 1662 cornuum.

352 1695 605 1753 XXVII.
648 1694 793 1753 Sunt
839 1694 999 1766 item,
1049 1712 1200 1769 quae
1248 1694 1612 1769 appellantur
1659 1693 1830 1752 alces.
1919 1695 2146 1752 Harum
2195 1705 2285 1755 est
2317 1724 2372 1775 15

272 1786 592 1847 consimilis
635 1786 821 1861 capris
854 1786 1037 1861 figura
1064 1795 1123 1843 et
1149 1786 1392 1843 varietas
1435 1785 1692 1861 pellium,
1729 1784 1836 1845 sed
1881 1785 2281 1861 magnitudine

272 1877 451 1954 paulo
507 1875 866 1936 antecedunt
924 1876 1274 1952 mutilaeque
1325 1886 1460 1935 sunt
1515 1876 1786 1935 cornibus
1836 1886 1895 1935 et
1943 1895 2110 1934 crura
2157 1877 2282 1936 sine

272 1966 451 2027 nodis
489 1968 859 2043 articulisque
906 1968 1139 2039 habent,
1183 1983 1377 2043 neque
1422 1967 1631 2043 quietis
1674 1986 1849 2027 causa
1889 1968 2283 2043 procumbunt

272 2076 490 2136 neque,
513 2058 563 2118 si
591 2076 712 2134 quo
740 2058 987 2118 afflictae
1018 2076 1157 2117 casu
1187 2056 1589 2132 conciderunt,
1615 2059 1834 2137 erigere
1864 2076 1990 2119 sese
2020 2070 2119 2119 aut
2147 2060 2278 2120 sub-

271 2151 465 2210 levare
508 2161 771 2228 possunt.
857 2152 971 2212 His
1013 2161 1146 2210 sunt
1187 2149 1422 2211 arbores
1465 2171 1572 2228 pro
1615 2152 1936 2212 cubilibus:
1984 2152 2062 2212 ad
2092 2172 2189 2213 eas
2218 2173 2279 2213 se
2313 2179 2373 2216 20

270 2243 575 2320 applicant
600 2252 776 2320 atque
804 2241 883 2304 ita
909 2243 1148 2319 paulum
1176 2243 1359 2302 modo
1387 2245 1696 2302 reclinatae
1733 2244 1990 2320 quietem
2027 2244 2280 2321 capiunt.

272 2335 543 2412 Quarum
583 2354 658 2394 ex
698 2336 951 2412 vestigiis
995 2352 1130 2393 cum
1174 2345 1261 2394 est
1302 2335 1768 2394 animadversum
1813 2355 1849 2394 a
1889 2339 2280 2409 venatoribuS,

270 2444 395 2503 quo
423 2444 489 2486 se
514 2427 776 2504 recipere
804 2427 1159 2499 consuerint,
1189 2445 1395 2485 omnes
1440 2446 1514 2485 eo
1555 2427 1690 2486 loco
1734 2437 1830 2485 aut
1873 2427 1948 2486 ab
1990 2427 2280 2488 radicibus

270 2520 559 2578 subruunt
605 2531 706 2578 aut
753 2517 1033 2578 accidunt
1080 2518 1312 2578 arbores
1368 2529 1612 2590 tantum,
1665 2528 1729 2577 ut
1777 2538 2006 2579 summa
2054 2520 2280 2595 species

270 2627 475 2669 earum
529 2609 803 2668 stantium
860 2609 1229 2685 relinquatur.
1342 2611 1482 2668 Huc
1537 2628 1673 2667 cum
1730 2628 1793 2668 se
1849 2610 2278 2669 consuetudine
2310 2625 2369 2677 25

178 2717 187 2724 ·
268 2700 713 2773 reclinaverunt,
754 2699 1011 2758 infirmas
1057 2700 1289 2758 arbores
1335 2700 1599 2776 pondere
1644 2701 1905 2778 affligunt
1944 2711 2122 2777 atque
2162 2720 2280 2759 una

269 2791 433 2867 ipsae
461 2789 803 2849 concidunt.

349 2881 637 2940 XXVIII.
680 2882 938 2940 Tertium
986 2891 1072 2939 est
1117 2900 1299 2957 genus
1346 2900 1568 2954 eorum,
1617 2884 1716 2958 qui
1760 2884 1846 2941 uri
1895 2884 2276 2959 appellantur.

271 2971 359 3030 Hi
392 2980 528 3031 sunt
565 2971 966 3047 magnitudine
993 2972 1169 3047 paulo
1198 2972 1343 3030 infra
1372 2972 1732 3049 elephantos,
1764 2975 1959 3049 specie
1990 2983 2048 3031 et
2078 2973 2275 3032 colore

268 3072 329 3120 et
368 3063 555 3138 figura
603 3063 769 3120 tauri.
860 3063 1077 3138 Magna
1117 3063 1201 3121 vis
1250 3081 1452 3121 eorum
1495 3073 1582 3122 est
1625 3073 1684 3122 et
1724 3082 1937 3140 magna
1976 3063 2273 3136 velocitas,
2304 3088 2366 3138 30

268 3169 464 3229 neque
521 3152 744 3212 homini
800 3171 991 3228 neque
1048 3154 1221 3224 ferae,
1272 3172 1447 3229 quam
1505 3164 1951 3230 conspexerunt,
2009 3163 2272 3231 parcunt.

272 3245 405 3302 Hos
462 3243 723 3302 studiose
778 3242 959 3301 foveis
1015 3253 1218 3319 captos
1275 3244 1644 3302 interficiunt.
1759 3247 1900 3304 Hoc
1957 3263 2018 3304 se
2076 3245 2272 3304 labore

267 3333 480 3393 durant
527 3333 933 3393 adulescentes
978 3344 1151 3410 atque
1202 3334 1316 3392 hoc
1357 3353 1570 3410 genere
1611 3337 1932 3395 venationis
1977 3347 2270 3409 exercent,

268 3434 327 3483 et
354 3425 456 3501 qui
484 3425 765 3501 plurimos
788 3443 861 3482 ex
883 3425 971 3484 his
1000 3425 1430 3497 interfecerunt,
1454 3426 1642 3484 relatis
1671 3427 1729 3484 in
1758 3427 2058 3502 publicum
2087 3428 2272 3485 corni-

266 3515 394 3588 buS,
450 3533 603 3591 quae
661 3516 776 3574 sint
831 3516 1183 3587 testimonio,
1241 3534 1511 3591 magnam
1568 3517 1756 3576 ferunt
1809 3517 2062 3576 laudem.
2153 3517 2270 3577 Sed
2300 3532 2360 3584 35

267 3624 599 3666 assuescere
630 3606 707 3664 ad
736 3606 1002 3666 homines
1031 3617 1089 3665 et
1118 3607 1485 3665 mansuefieri
1513 3625 1587 3666 ne
1625 3609 1844 3684 parvuli
1886 3608 2126 3685 quidem
2170 3627 2268 3667 ex-

266 3698 422 3772 cepti
477 3707 742 3773 possunt.
843 3697 1183 3773 Amplitudo
1240 3716 1524 3756 cornuum
1581 3708 1639 3756 et
1694 3699 1876 3774 figura
1928 3709 1988 3758 et
2042 3700 2267 3775 species

267 3788 511 3846 multum
542 3807 576 3845 a
605 3797 931 3846 nostrorum
969 3788 1149 3846 boum
1193 3788 1466 3846 cornibus
1508 3787 1714 3847 differt.
1803 3790 1973 3847 Haec
2009 3788 2267 3848 studiose

1244 3915 1293 3950 11
